TIME,PRICE,VOLUME,TYPE
09:15:00,8.49,861,买盘
09:15:03,8.51,3093,买盘
09:15:06,8.49,4427,卖盘
09:15:09,8.49,2920,卖盘
09:15:12,8.47,770,卖盘
09:15:15,8.48,2434,买盘
09:15:18,8.47,4556,卖盘
09:15:21,8.45,2905,买盘
09:15:24,8.46,2048,买盘
09:15:27,8.45,190,买盘
09:15:30,8.46,1900,卖盘
09:15:33,8.46,3203,中性
09:15:36,8.47,2889,买盘
09:15:39,8.48,2364,卖盘
09:15:42,8.48,2613,买盘
09:15:45,8.47,1479,卖盘
09:15:48,8.48,35,中性
09:15:51,8.47,3944,卖盘
09:15:54,8.47,2614,卖盘
09:15:57,8.46,4799,中性
09:16:00,8.46,4298,中性
09:16:03,8.46,4912,买盘
09:16:06,8.46,1276,买盘
09:16:09,8.46,338,卖盘
09:16:12,8.46,4860,卖盘
09:16:15,8.45,2063,买盘
09:16:18,8.43,2569,卖盘
09:16:21,8.42,1496,买盘
09:16:24,8.41,392,卖盘
09:16:27,8.42,3562,买盘
09:16:30,8.4,201,卖盘
09:16:33,8.4,4599,买盘
09:16:36,8.39,2732,卖盘
09:16:39,8.4,2691,卖盘
09:16:42,8.41,4494,卖盘
09:16:45,8.41,1485,买盘
09:16:48,8.42,564,卖盘
09:16:51,8.43,1679,卖盘
09:16:54,8.42,1723,卖盘
09:16:57,8.43,2730,中性
09:17:00,8.44,2694,卖盘
09:17:03,8.43,1364,中性
09:17:06,8.43,1530,买盘
09:17:09,8.42,2238,买盘
09:17:12,8.41,4030,买盘
09:17:15,8.41,1283,买盘
09:17:18,8.41,4745,卖盘
09:17:21,8.42,4780,买盘
09:17:24,8.4,3744,卖盘
09:17:27,8.41,1854,中性
09:17:30,8.43,3582,卖盘
09:17:33,8.44,1637,买盘
09:17:36,8.42,2161,中性
09:17:39,8.42,855,买盘
09:17:42,8.43,3475,卖盘
09:17:45,8.43,2778,中性
09:17:48,8.42,4932,买盘
09:17:51,8.42,4497,卖盘
09:17:54,8.41,2932,中性
09:17:57,8.41,3583,买盘
09:18:00,8.42,1148,卖盘
09:18:03,8.43,1795,卖盘
09:18:06,8.44,1370,卖盘
09:18:09,8.43,2912,买盘
09:18:12,8.44,1960,买盘
09:18:15,8.46,4737,卖盘
09:18:18,8.47,4062,卖盘
09:18:21,8.46,624,卖盘
09:18:24,8.46,2050,中性
09:18:27,8.48,4549,中性
09:18:30,8.48,2057,买盘
09:18:33,8.49,2256,中性
09:18:36,8.51,3192,中性
09:18:39,8.52,1649,买盘
09:18:42,8.54,3924,卖盘
09:18:45,8.53,99,中性
09:18:48,8.52,4974,卖盘
09:18:51,8.53,3792,中性
09:18:54,8.52,4494,买盘
09:18:57,8.53,1219,卖盘
09:19:00,8.53,4556,卖盘
09:19:03,8.54,1046,买盘
09:19:06,8.56,3437,卖盘
09:19:09,8.57,226,买盘
09:19:12,8.58,960,中性
09:19:15,8.57,816,买盘
09:19:18,8.55,3121,买盘
09:19:21,8.57,2206,中性
09:19:24,8.58,1061,中性
09:19:27,8.58,4277,卖盘
09:19:30,8.6,1140,买盘
09:19:33,8.6,1185,买盘
09:19:36,8.58,1817,买盘
09:19:39,8.6,1896,买盘
09:19:42,8.59,4015,中性
09:19:45,8.57,155,买盘
09:19:48,8.56,3176,卖盘
09:19:51,8.57,2807,卖盘
09:19:54,8.56,2456,中性
09:19:57,8.56,4132,卖盘
09:20:00,8.57,4496,买盘
09:20:03,8.58,1167,买盘
09:20:06,8.57,2775,卖盘
09:20:09,8.56,3770,卖盘
09:20:12,8.55,1716,买盘
09:20:15,8.54,2492,买盘
09:20:18,8.56,3052,中性
09:20:21,8.56,4870,买盘
09:20:24,8.56,4143,卖盘
09:20:27,8.54,4365,中性
09:20:30,8.55,1683,卖盘
09:20:33,8.54,3676,卖盘
09:20:36,8.53,117,买盘
09:20:39,8.53,1932,卖盘
09:20:42,8.52,513,卖盘
09:20:45,8.51,560,买盘
09:20:48,8.52,4993,中性
09:20:51,8.53,1471,卖盘
09:20:54,8.54,3148,卖盘
09:20:57,8.53,2745,买盘
09:21:00,8.51,3119,买盘
09:21:03,8.53,3060,买盘
09:21:06,8.51,2480,中性
09:21:09,8.5,1758,卖盘
09:21:12,8.48,2850,买盘
09:21:15,8.46,3731,卖盘
09:21:18,8.48,1349,卖盘
09:21:21,8.48,336,卖盘
09:21:24,8.46,896,卖盘
09:21:27,8.48,1932,买盘
09:21:30,8.48,4001,中性
09:21:33,8.49,3914,买盘
09:21:36,8.48,4108,买盘
09:21:39,8.47,2547,卖盘
09:21:42,8.46,4186,买盘
09:21:45,8.47,1626,买盘
09:21:48,8.46,3975,买盘
09:21:51,8.47,1517,中性
09:21:54,8.45,729,中性
09:21:57,8.44,3466,卖盘
09:22:00,8.45,2787,中性
09:22:03,8.44,2144,买盘
09:22:06,8.46,4133,买盘
09:22:09,8.47,2327,卖盘
09:22:12,8.45,3953,卖盘
09:22:15,8.46,1366,买盘
09:22:18,8.45,396,中性
09:22:21,8.46,4361,买盘
09:22:24,8.48,4947,卖盘
09:22:27,8.46,3141,买盘
09:22:30,8.46,2939,买盘
09:22:33,8.48,1168,卖盘
09:22:36,8.46,2983,中性
09:22:39,8.44,733,买盘
09:22:42,8.43,954,卖盘
09:22:45,8.41,1543,卖盘
09:22:48,8.4,2994,中性
09:22:51,8.38,3237,买盘
09:22:54,8.39,1389,买盘
09:22:57,8.4,511,中性
09:23:00,8.4,1828,买盘
09:23:03,8.39,2924,卖盘
09:23:06,8.38,3603,买盘
09:23:09,8.38,4749,卖盘
09:23:12,8.39,456,买盘
09:23:15,8.39,3073,卖盘
09:23:18,8.38,505,买盘
09:23:21,8.37,824,卖盘
09:23:24,8.37,2106,买盘
09:23:27,8.39,1853,买盘
09:23:30,8.37,3285,中性
09:23:33,8.35,1251,卖盘
09:23:36,8.34,1257,买盘
09:23:39,8.33,3585,卖盘
09:23:42,8.33,2704,卖盘
09:23:45,8.35,1354,中性
09:23:48,8.37,3020,买盘
09:23:51,8.36,1146,买盘
09:23:54,8.36,2746,买盘
09:23:57,8.35,4965,中性
09:24:00,8.37,2509,卖盘
09:24:03,8.35,1582,买盘
09:24:06,8.37,256,卖盘
09:24:09,8.39,10,中性
09:24:12,8.4,4973,买盘
09:24:15,8.4,4470,中性
09:24:18,8.42,4949,卖盘
09:24:21,8.41,4785,中性
09:24:24,8.41,511,买盘
09:24:27,8.4,4614,卖盘
09:24:30,8.4,1669,中性
09:24:33,8.4,3637,中性
09:24:36,8.41,2049,中性
09:24:39,8.42,4545,卖盘
09:24:42,8.42,3420,买盘
09:24:45,8.4,250,卖盘
09:24:48,8.41,3963,买盘
09:24:51,8.43,236,卖盘
09:24:54,8.44,1849,卖盘
09:24:57,8.44,3279,卖盘
09:25:00,8.45,2123,买盘
09:25:03,8.43,4860,中性
09:25:06,8.44,1359,卖盘
09:25:09,8.45,1332,卖盘
09:25:12,8.45,1359,买盘
09:25:15,8.46,2129,中性
09:25:18,8.44,3473,卖盘
09:25:21,8.43,3032,买盘
09:25:24,8.44,4301,买盘
09:25:27,8.44,4043,买盘
09:25:30,8.42,3446,卖盘
09:25:33,8.41,2948,买盘
09:25:36,8.43,3267,卖盘
09:25:39,8.45,4157,买盘
09:25:42,8.43,4700,买盘
09:25:45,8.41,524,买盘
09:25:48,8.4,1754,卖盘
09:25:51,8.39,2297,卖盘
09:25:54,8.39,4203,中性
09:25:57,8.38,2056,卖盘
09:26:00,8.36,2767,卖盘
09:26:03,8.38,526,卖盘
09:26:06,8.37,3288,卖盘
09:26:09,8.36,4979,卖盘
09:26:12,8.37,2798,卖盘
09:26:15,8.35,3346,卖盘
09:26:18,8.36,3087,买盘
09:26:21,8.36,2076,买盘
09:26:24,8.36,126,买盘
09:26:27,8.37,3284,卖盘
09:26:30,8.37,233,卖盘
09:26:33,8.35,4207,卖盘
09:26:36,8.35,4008,卖盘
09:26:39,8.34,2473,买盘
09:26:42,8.35,1762,买盘
09:26:45,8.35,3813,中性
09:26:48,8.33,2325,买盘
09:26:51,8.32,2564,中性
09:26:54,8.31,2398,买盘
09:26:57,8.32,4855,买盘
09:27:00,8.3,4325,中性
09:27:03,8.29,468,中性
09:27:06,8.3,646,中性
09:27:09,8.3,4290,卖盘
09:27:12,8.31,1142,卖盘
09:27:15,8.29,4628,买盘
09:27:18,8.28,4750,买盘
09:27:21,8.28,4235,中性
09:27:24,8.27,3745,买盘
09:27:27,8.27,261,买盘
09:27:30,8.29,2061,卖盘
09:27:33,8.28,1343,卖盘
09:27:36,8.29,1995,卖盘
09:27:39,8.29,3491,买盘
09:27:42,8.31,4028,中性
09:27:45,8.29,376,中性
09:27:48,8.28,1571,中性
09:27:51,8.29,3644,中性
09:27:54,8.28,873,卖盘
09:27:57,8.29,1315,买盘
09:28:00,8.3,78,卖盘
09:28:03,8.29,1066,买盘
09:28:06,8.31,1319,卖盘
09:28:09,8.32,4671,卖盘
09:28:12,8.31,1249,买盘
09:28:15,8.31,4917,中性
09:28:18,8.32,1971,卖盘
09:28:21,8.31,1203,买盘
09:28:24,8.3,2036,卖盘
09:28:27,8.3,2205,买盘
09:28:30,8.29,951,买盘
09:28:33,8.28,1858,卖盘
09:28:36,8.3,2913,买盘
09:28:39,8.3,4911,中性
09:28:42,8.28,3229,卖盘
09:28:45,8.28,2372,卖盘
09:28:48,8.29,95,卖盘
09:28:51,8.29,794,买盘
09:28:54,8.29,4107,中性
09:28:57,8.28,3206,卖盘
09:29:00,8.28,2350,卖盘
09:29:03,8.3,3006,买盘
09:29:06,8.29,1640,中性
09:29:09,8.3,4452,中性
09:29:12,8.32,3877,卖盘
09:29:15,8.3,604,买盘
09:29:18,8.28,4147,卖盘
09:29:21,8.3,3798,中性
09:29:24,8.29,3477,买盘
09:29:27,8.27,3031,中性
09:29:30,8.29,4663,买盘
09:29:33,8.29,3503,买盘
09:29:36,8.29,3508,卖盘
09:29:39,8.29,575,卖盘
09:29:42,8.31,386,卖盘
09:29:45,8.3,3601,卖盘
09:29:48,8.29,4859,买盘
09:29:51,8.27,1991,买盘
09:29:54,8.25,4381,卖盘
09:29:57,8.26,2204,买盘
09:30:00,8.26,4945,中性
09:30:03,8.25,3702,中性
09:30:06,8.25,4423,卖盘
09:30:09,8.23,2263,卖盘
09:30:12,8.24,3390,买盘
09:30:15,8.23,4525,买盘
09:30:18,8.24,2066,买盘
09:30:21,8.25,3058,卖盘
09:30:24,8.25,2162,卖盘
09:30:27,8.26,3336,中性
09:30:30,8.28,4896,买盘
09:30:33,8.29,3452,中性
09:30:36,8.31,1824,卖盘
09:30:39,8.32,833,卖盘
09:30:42,8.31,2491,卖盘
09:30:45,8.31,3311,卖盘
09:30:48,8.33,3676,买盘
09:30:51,8.31,2144,中性
09:30:54,8.32,2539,中性
09:30:57,8.33,4278,买盘
09:31:00,8.33,944,买盘
09:31:03,8.33,2199,中性
09:31:06,8.32,915,卖盘
09:31:09,8.31,514,中性
09:31:12,8.32,3595,买盘
09:31:15,8.31,4567,买盘
09:31:18,8.33,805,卖盘
09:31:21,8.33,3578,卖盘
09:31:24,8.31,2762,卖盘
09:31:27,8.33,4224,买盘
09:31:30,8.33,3281,买盘
09:31:33,8.33,237,卖盘
09:31:36,8.32,1302,中性
09:31:39,8.34,442,中性
09:31:42,8.35,805,买盘
09:31:45,8.37,3925,中性
09:31:48,8.37,2082,卖盘
09:31:51,8.37,4684,买盘
09:31:54,8.35,4053,买盘
09:31:57,8.34,4827,卖盘
09:32:00,8.35,455,卖盘
09:32:03,8.36,3029,买盘
09:32:06,8.36,4226,买盘
09:32:09,8.37,2867,买盘
09:32:12,8.38,4125,买盘
09:32:15,8.37,1137,卖盘
09:32:18,8.38,1334,卖盘
09:32:21,8.39,4854,买盘
09:32:24,8.38,1786,买盘
09:32:27,8.38,1763,中性
09:32:30,8.39,4461,买盘
09:32:33,8.39,1525,买盘
09:32:36,8.39,1241,卖盘
09:32:39,8.39,4121,买盘
09:32:42,8.4,1253,买盘
09:32:45,8.42,4198,卖盘
09:32:48,8.42,3116,中性
09:32:51,8.44,330,卖盘
09:32:54,8.44,4108,卖盘
09:32:57,8.45,4063,中性
09:33:00,8.46,2422,卖盘
09:33:03,8.48,3727,卖盘
09:33:06,8.46,47,买盘
09:33:09,8.46,401,买盘
09:33:12,8.47,4346,买盘
09:33:15,8.45,4233,买盘
09:33:18,8.44,827,中性
09:33:21,8.43,2420,中性
09:33:24,8.43,3562,卖盘
09:33:27,8.43,3224,买盘
09:33:30,8.42,131,卖盘
09:33:33,8.41,4279,卖盘
09:33:36,8.41,3960,卖盘
09:33:39,8.43,921,卖盘
09:33:42,8.43,493,卖盘
09:33:45,8.42,311,卖盘
09:33:48,8.44,4347,中性
09:33:51,8.44,3811,买盘
09:33:54,8.42,4125,卖盘
09:33:57,8.41,245,卖盘
09:34:00,8.42,1772,中性
09:34:03,8.43,921,买盘
09:34:06,8.43,2625,买盘
09:34:09,8.41,1166,买盘
09:34:12,8.43,146,买盘
09:34:15,8.41,705,中性
09:34:18,8.39,4495,买盘
09:34:21,8.4,2235,中性
09:34:24,8.41,939,卖盘
09:34:27,8.43,3416,卖盘
09:34:30,8.43,4868,买盘
09:34:33,8.45,885,中性
09:34:36,8.44,4322,买盘
09:34:39,8.42,2554,卖盘
09:34:42,8.41,1797,卖盘
09:34:45,8.4,3171,卖盘
09:34:48,8.4,1915,买盘
09:34:51,8.41,2110,中性
09:34:54,8.43,4070,卖盘
09:34:57,8.44,3161,卖盘
09:35:00,8.44,3682,卖盘
09:35:03,8.44,2683,买盘
09:35:06,8.45,1356,买盘
09:35:09,8.44,1561,卖盘
09:35:12,8.43,984,买盘
09:35:15,8.41,3973,买盘
09:35:18,8.41,37,买盘
09:35:21,8.42,4037,中性
09:35:24,8.4,1325,卖盘
09:35:27,8.4,2746,卖盘
09:35:30,8.41,3931,中性
09:35:33,8.42,4312,卖盘
09:35:36,8.42,1705,买盘
09:35:39,8.41,1717,卖盘
09:35:42,8.42,2470,买盘
09:35:45,8.43,557,中性
09:35:48,8.42,4522,买盘
09:35:51,8.41,3742,中性
09:35:54,8.39,3330,中性
09:35:57,8.39,295,买盘
09:36:00,8.37,1691,中性
09:36:03,8.38,4796,买盘
09:36:06,8.39,1008,买盘
09:36:09,8.4,4682,卖盘
09:36:12,8.41,1436,卖盘
09:36:15,8.43,278,中性
09:36:18,8.44,1266,中性
09:36:21,8.43,918,卖盘
09:36:24,8.43,22,卖盘
09:36:27,8.41,2354,中性
09:36:30,8.41,4812,卖盘
09:36:33,8.4,2429,买盘
09:36:36,8.38,3105,买盘
09:36:39,8.38,2995,买盘
09:36:42,8.36,3554,买盘
09:36:45,8.38,39,卖盘
09:36:48,8.39,1099,买盘
09:36:51,8.38,3156,卖盘
09:36:54,8.37,2897,中性
09:36:57,8.35,989,中性
09:37:00,8.35,4027,中性
09:37:03,8.36,4666,中性
09:37:06,8.35,1981,买盘
09:37:09,8.36,792,买盘
09:37:12,8.38,2256,卖盘
09:37:15,8.36,985,中性
09:37:18,8.37,591,卖盘
09:37:21,8.37,4445,买盘
09:37:24,8.36,3900,中性
09:37:27,8.34,527,卖盘
09:37:30,8.33,3345,卖盘
09:37:33,8.32,521,买盘
09:37:36,8.32,117,卖盘
09:37:39,8.31,3789,买盘
09:37:42,8.31,2014,买盘
09:37:45,8.31,4703,卖盘
09:37:48,8.32,729,中性
09:37:51,8.33,779,卖盘
09:37:54,8.31,2449,买盘
09:37:57,8.32,592,卖盘
09:38:00,8.31,2721,卖盘
09:38:03,8.29,2,卖盘
09:38:06,8.3,1950,买盘
09:38:09,8.28,918,买盘
09:38:12,8.3,90,卖盘
09:38:15,8.32,3042,买盘
09:38:18,8.32,1896,卖盘
09:38:21,8.33,1926,卖盘
09:38:24,8.33,2271,卖盘
09:38:27,8.34,3912,卖盘
09:38:30,8.36,4207,中性
09:38:33,8.34,208,卖盘
09:38:36,8.35,410,卖盘
09:38:39,8.33,4970,卖盘
09:38:42,8.34,2135,卖盘
09:38:45,8.34,1267,买盘
09:38:48,8.36,3428,卖盘
09:38:51,8.37,2357,卖盘
09:38:54,8.37,3666,买盘
09:38:57,8.38,4645,中性
09:39:00,8.4,2972,买盘
09:39:03,8.41,353,中性
09:39:06,8.39,159,卖盘
09:39:09,8.41,4612,卖盘
09:39:12,8.42,956,买盘
09:39:15,8.43,4704,卖盘
09:39:18,8.41,3812,中性
09:39:21,8.43,1798,卖盘
09:39:24,8.45,4282,中性
09:39:27,8.44,530,卖盘
09:39:30,8.45,2915,卖盘
09:39:33,8.44,4574,买盘
09:39:36,8.43,2,买盘
09:39:39,8.45,3053,卖盘
09:39:42,8.43,4477,卖盘
09:39:45,8.43,3156,卖盘
09:39:48,8.42,2939,买盘
09:39:51,8.41,1253,买盘
09:39:54,8.42,4556,买盘
09:39:57,8.44,3375,买盘
09:40:00,8.45,630,买盘
09:40:03,8.45,2892,中性
09:40:06,8.45,2361,买盘
09:40:09,8.44,3193,卖盘
09:40:12,8.43,2213,卖盘
09:40:15,8.44,2204,中性
09:40:18,8.44,1275,买盘
09:40:21,8.43,969,卖盘
09:40:24,8.45,2845,卖盘
09:40:27,8.44,2533,中性
09:40:30,8.43,1009,卖盘
09:40:33,8.44,276,中性
09:40:36,8.46,126,中性
09:40:39,8.46,1209,卖盘
09:40:42,8.45,3250,买盘
09:40:45,8.46,4404,卖盘
09:40:48,8.44,4471,买盘
09:40:51,8.43,1015,卖盘
09:40:54,8.43,4613,中性
09:40:57,8.42,2475,卖盘
09:41:00,8.42,3720,中性
09:41:03,8.43,987,中性
09:41:06,8.44,3073,买盘
09:41:09,8.44,3125,卖盘
09:41:12,8.45,3292,买盘
09:41:15,8.45,575,中性
09:41:18,8.45,4784,卖盘
09:41:21,8.43,3231,卖盘
09:41:24,8.45,3174,买盘
09:41:27,8.45,3554,卖盘
09:41:30,8.46,851,中性
09:41:33,8.46,822,卖盘
09:41:36,8.45,3148,卖盘
09:41:39,8.46,3987,买盘
09:41:42,8.45,4401,卖盘
09:41:45,8.45,3339,卖盘
09:41:48,8.46,2890,卖盘
09:41:51,8.46,3866,中性
09:41:54,8.47,1948,买盘
09:41:57,8.47,12,买盘
09:42:00,8.47,3023,卖盘
09:42:03,8.47,944,卖盘
09:42:06,8.48,2412,中性
09:42:09,8.46,407,卖盘
09:42:12,8.48,3189,中性
09:42:15,8.47,715,买盘
09:42:18,8.45,141,买盘
09:42:21,8.44,964,买盘
09:42:24,8.43,3611,中性
09:42:27,8.43,106,卖盘
09:42:30,8.44,4017,中性
09:42:33,8.45,4446,买盘
09:42:36,8.46,3655,买盘
09:42:39,8.47,445,买盘
09:42:42,8.49,1476,买盘
09:42:45,8.5,1709,卖盘
09:42:48,8.52,1301,中性
09:42:51,8.51,4617,卖盘
09:42:54,8.5,1661,中性
09:42:57,8.51,1073,买盘
09:43:00,8.52,4146,卖盘
09:43:03,8.53,3274,中性
09:43:06,8.54,3041,卖盘
09:43:09,8.53,1585,卖盘
09:43:12,8.54,631,卖盘
09:43:15,8.53,2853,卖盘
09:43:18,8.54,1547,买盘
09:43:21,8.53,441,卖盘
09:43:24,8.55,4359,卖盘
09:43:27,8.55,4009,卖盘
09:43:30,8.57,4796,中性
09:43:33,8.57,1126,卖盘
09:43:36,8.56,4132,买盘
09:43:39,8.58,73,买盘
09:43:42,8.57,2473,卖盘
09:43:45,8.56,3714,卖盘
09:43:48,8.55,4256,卖盘
09:43:51,8.56,1586,卖盘
09:43:54,8.55,4154,买盘
09:43:57,8.56,2775,买盘
09:44:00,8.55,3875,卖盘
09:44:03,8.55,662,卖盘
09:44:06,8.57,1869,卖盘
09:44:09,8.58,4407,卖盘
09:44:12,8.56,633,中性
09:44:15,8.54,1932,中性
09:44:18,8.54,237,买盘
09:44:21,8.56,4726,中性
09:44:24,8.58,364,买盘
09:44:27,8.59,4038,买盘
09:44:30,8.6,4896,买盘
09:44:33,8.61,1524,卖盘
09:44:36,8.59,4577,买盘
09:44:39,8.59,2409,买盘
09:44:42,8.6,2497,买盘
09:44:45,8.6,1690,卖盘
09:44:48,8.6,1443,卖盘
09:44:51,8.6,244,买盘
09:44:54,8.62,4138,卖盘
09:44:57,8.62,3230,中性
09:45:00,8.64,134,买盘
09:45:03,8.63,73,买盘
09:45:06,8.61,4226,买盘
09:45:09,8.63,4362,中性
09:45:12,8.61,4260,卖盘
09:45:15,8.6,4918,中性
09:45:18,8.59,2531,买盘
09:45:21,8.58,2530,买盘
09:45:24,8.56,537,买盘
09:45:27,8.54,4224,卖盘
09:45:30,8.53,846,中性
09:45:33,8.52,2495,卖盘
09:45:36,8.51,4350,卖盘
09:45:39,8.51,1954,卖盘
09:45:42,8.49,3851,卖盘
09:45:45,8.49,457,卖盘
09:45:48,8.48,4245,买盘
09:45:51,8.47,883,买盘
09:45:54,8.48,609,卖盘
09:45:57,8.5,2149,卖盘
09:46:00,8.49,820,卖盘
09:46:03,8.51,1509,中性
09:46:06,8.51,2045,买盘
09:46:09,8.51,3030,中性
09:46:12,8.52,2646,中性
09:46:15,8.51,2294,卖盘
09:46:18,8.51,901,买盘
09:46:21,8.49,242,卖盘
09:46:24,8.48,4269,买盘
09:46:27,8.47,4593,卖盘
09:46:30,8.47,2356,买盘
09:46:33,8.46,2558,买盘
09:46:36,8.45,3836,卖盘
09:46:39,8.46,3805,买盘
09:46:42,8.46,2445,买盘
09:46:45,8.44,3192,买盘
09:46:48,8.45,572,买盘
09:46:51,8.44,242,买盘
09:46:54,8.46,789,中性
09:46:57,8.46,776,中性
09:47:00,8.46,79,中性
09:47:03,8.46,2149,买盘
09:47:06,8.44,4183,卖盘
09:47:09,8.43,408,买盘
09:47:12,8.41,148,卖盘
09:47:15,8.4,366,中性
09:47:18,8.42,2547,买盘
09:47:21,8.41,773,卖盘
09:47:24,8.42,1574,买盘
09:47:27,8.42,1247,卖盘
09:47:30,8.41,2377,买盘
09:47:33,8.4,3633,买盘
09:47:36,8.39,1641,卖盘
09:47:39,8.39,4286,中性
09:47:42,8.38,3748,买盘
09:47:45,8.4,2422,卖盘
09:47:48,8.42,3984,中性
09:47:51,8.42,523,买盘
09:47:54,8.41,2231,买盘
09:47:57,8.4,4942,卖盘
09:48:00,8.41,2838,买盘
09:48:03,8.42,3244,买盘
09:48:06,8.44,3989,买盘
09:48:09,8.45,39,中性
09:48:12,8.47,2197,卖盘
09:48:15,8.47,302,卖盘
09:48:18,8.48,1760,买盘
09:48:21,8.48,4331,买盘
09:48:24,8.48,3538,买盘
09:48:27,8.49,283,中性
09:48:30,8.49,4184,买盘
09:48:33,8.49,2469,卖盘
09:48:36,8.49,703,买盘
09:48:39,8.47,1305,卖盘
09:48:42,8.46,362,卖盘
09:48:45,8.47,1285,中性
09:48:48,8.46,1856,中性
09:48:51,8.45,3082,卖盘
09:48:54,8.46,923,卖盘
09:48:57,8.46,2548,卖盘
09:49:00,8.47,314,买盘
09:49:03,8.48,1038,卖盘
09:49:06,8.49,2635,卖盘
09:49:09,8.51,3896,卖盘
09:49:12,8.49,1405,卖盘
09:49:15,8.5,1014,卖盘
09:49:18,8.5,4918,卖盘
09:49:21,8.48,2086,买盘
09:49:24,8.47,2321,卖盘
09:49:27,8.46,4622,卖盘
09:49:30,8.45,2948,买盘
09:49:33,8.45,594,卖盘
09:49:36,8.43,2963,卖盘
09:49:39,8.41,4502,卖盘
09:49:42,8.42,2975,中性
09:49:45,8.42,4836,买盘
09:49:48,8.43,2529,买盘
09:49:51,8.42,2811,中性
09:49:54,8.43,1020,买盘
09:49:57,8.42,4294,卖盘
09:50:00,8.43,2011,卖盘
09:50:03,8.45,2172,买盘
09:50:06,8.45,3472,买盘
09:50:09,8.46,138,买盘
09:50:12,8.44,3697,卖盘
09:50:15,8.44,2758,卖盘
09:50:18,8.43,3987,买盘
09:50:21,8.43,4677,中性
09:50:24,8.42,2097,卖盘
09:50:27,8.43,2404,买盘
09:50:30,8.42,2979,卖盘
09:50:33,8.43,1862,买盘
09:50:36,8.42,4284,买盘
09:50:39,8.43,4644,买盘
09:50:42,8.42,4714,买盘
09:50:45,8.41,163,买盘
09:50:48,8.43,906,买盘
09:50:51,8.44,1642,中性
09:50:54,8.43,841,卖盘
09:50:57,8.41,2644,卖盘
09:51:00,8.41,690,卖盘
09:51:03,8.4,1423,买盘
09:51:06,8.41,1172,买盘
09:51:09,8.43,1450,中性
09:51:12,8.44,4261,中性
09:51:15,8.43,3671,买盘
09:51:18,8.43,1939,买盘
09:51:21,8.45,1932,买盘
09:51:24,8.43,4725,买盘
09:51:27,8.42,598,卖盘
09:51:30,8.42,573,中性
09:51:33,8.43,3670,卖盘
09:51:36,8.44,1518,卖盘
09:51:39,8.44,4949,买盘
09:51:42,8.44,3138,买盘
09:51:45,8.46,4531,卖盘
09:51:48,8.46,344,卖盘
09:51:51,8.44,4667,卖盘
09:51:54,8.43,1855,卖盘
09:51:57,8.42,2325,买盘
09:52:00,8.41,4980,卖盘
09:52:03,8.4,1750,买盘
09:52:06,8.39,3049,卖盘
09:52:09,8.4,4977,买盘
09:52:12,8.38,3971,中性
09:52:15,8.39,1012,卖盘
09:52:18,8.38,1815,中性
09:52:21,8.38,4403,买盘
09:52:24,8.36,8,买盘
09:52:27,8.37,2212,买盘
09:52:30,8.37,4655,买盘
09:52:33,8.38,4564,卖盘
09:52:36,8.37,4944,中性
09:52:39,8.39,1899,中性
09:52:42,8.37,3201,买盘
09:52:45,8.37,688,买盘
09:52:48,8.36,3014,中性
09:52:51,8.38,2697,中性
09:52:54,8.38,575,卖盘
09:52:57,8.36,670,卖盘
09:53:00,8.35,1126,中性
09:53:03,8.36,3712,买盘
09:53:06,8.36,2401,买盘
09:53:09,8.37,3070,卖盘
09:53:12,8.36,265,中性
09:53:15,8.36,2991,卖盘
09:53:18,8.35,1155,中性
09:53:21,8.35,4080,卖盘
09:53:24,8.37,190,卖盘
09:53:27,8.36,2594,买盘
09:53:30,8.36,1099,卖盘
09:53:33,8.37,1675,中性
09:53:36,8.36,4385,买盘
09:53:39,8.36,1090,买盘
09:53:42,8.34,1071,买盘
09:53:45,8.36,4220,中性
09:53:48,8.34,640,卖盘
09:53:51,8.35,4629,买盘
09:53:54,8.34,3374,卖盘
09:53:57,8.36,4647,中性
09:54:00,8.34,2258,卖盘
09:54:03,8.35,2455,买盘
09:54:06,8.35,2598,买盘
09:54:09,8.35,3619,卖盘
09:54:12,8.36,596,买盘
09:54:15,8.35,4366,中性
09:54:18,8.35,1968,卖盘
09:54:21,8.36,2947,卖盘
09:54:24,8.38,2221,中性
09:54:27,8.39,2811,卖盘
09:54:30,8.39,4883,中性
09:54:33,8.37,934,买盘
09:54:36,8.35,2513,买盘
09:54:39,8.33,3448,买盘
09:54:42,8.35,4917,买盘
09:54:45,8.34,2270,卖盘
09:54:48,8.32,988,中性
09:54:51,8.33,4009,中性
09:54:54,8.33,2525,中性
09:54:57,8.33,2316,卖盘
09:55:00,8.35,1586,卖盘
09:55:03,8.35,1300,买盘
09:55:06,8.35,2045,卖盘
09:55:09,8.33,1059,中性
09:55:12,8.35,3137,买盘
09:55:15,8.36,1448,买盘
09:55:18,8.35,527,卖盘
09:55:21,8.37,406,卖盘
09:55:24,8.37,4601,卖盘
09:55:27,8.36,1479,买盘
09:55:30,8.35,579,卖盘
09:55:33,8.37,1186,卖盘
09:55:36,8.39,1111,卖盘
09:55:39,8.41,3794,买盘
09:55:42,8.4,730,中性
09:55:45,8.39,4458,中性
09:55:48,8.39,2801,卖盘
09:55:51,8.39,1456,买盘
09:55:54,8.37,4797,买盘
09:55:57,8.35,1214,中性
09:56:00,8.37,4698,卖盘
09:56:03,8.37,704,卖盘
09:56:06,8.36,2430,买盘
09:56:09,8.37,4913,卖盘
09:56:12,8.36,2867,中性
09:56:15,8.36,4493,卖盘
09:56:18,8.34,1357,中性
09:56:21,8.33,3240,卖盘
09:56:24,8.32,4552,卖盘
09:56:27,8.31,3312,买盘
09:56:30,8.32,988,中性
09:56:33,8.3,4955,买盘
09:56:36,8.31,727,买盘
09:56:39,8.33,4034,卖盘
09:56:42,8.34,420,买盘
09:56:45,8.32,2460,卖盘
09:56:48,8.34,332,买盘
09:56:51,8.33,4007,卖盘
09:56:54,8.34,202,买盘
09:56:57,8.34,910,卖盘
09:57:00,8.36,771,卖盘
09:57:03,8.34,3586,卖盘
09:57:06,8.36,3422,买盘
09:57:09,8.34,4094,卖盘
09:57:12,8.34,1999,买盘
09:57:15,8.32,4145,买盘
09:57:18,8.32,1432,卖盘
09:57:21,8.33,1131,卖盘
09:57:24,8.34,375,卖盘
09:57:27,8.35,3260,买盘
09:57:30,8.35,2243,中性
09:57:33,8.37,3135,买盘
09:57:36,8.38,2042,买盘
09:57:39,8.36,4001,卖盘
09:57:42,8.36,2981,卖盘
09:57:45,8.34,4929,买盘
09:57:48,8.33,3274,卖盘
09:57:51,8.34,3055,买盘
09:57:54,8.33,4913,买盘
09:57:57,8.35,930,中性
09:58:00,8.35,4929,买盘
09:58:03,8.34,1458,卖盘
09:58:06,8.32,443,卖盘
09:58:09,8.3,1179,买盘
09:58:12,8.32,1258,买盘
09:58:15,8.31,911,卖盘
09:58:18,8.3,2170,买盘
09:58:21,8.32,3159,卖盘
09:58:24,8.34,2417,买盘
09:58:27,8.34,1937,买盘
09:58:30,8.33,4164,中性
09:58:33,8.33,1933,卖盘
09:58:36,8.34,2391,卖盘
09:58:39,8.34,1440,卖盘
09:58:42,8.32,341,买盘
09:58:45,8.31,300,中性
09:58:48,8.32,3457,卖盘
09:58:51,8.3,1135,中性
09:58:54,8.29,3171,中性
09:58:57,8.29,3736,卖盘
09:59:00,8.28,2568,买盘
09:59:03,8.28,2212,中性
09:59:06,8.27,3163,中性
09:59:09,8.28,1709,卖盘
09:59:12,8.26,3830,卖盘
09:59:15,8.24,977,卖盘
09:59:18,8.24,883,卖盘
09:59:21,8.26,4960,卖盘
09:59:24,8.25,1611,买盘
09:59:27,8.26,4495,卖盘
09:59:30,8.28,3826,卖盘
09:59:33,8.29,3803,卖盘
09:59:36,8.31,3823,卖盘
09:59:39,8.33,3120,中性
09:59:42,8.31,2385,中性
09:59:45,8.32,2491,买盘
09:59:48,8.34,1725,中性
09:59:51,8.32,2528,中性
09:59:54,8.31,3907,卖盘
09:59:57,8.29,4222,卖盘
10:00:00,8.3,3753,买盘
10:00:03,8.29,4153,卖盘
10:00:06,8.31,2312,中性
10:00:09,8.3,542,买盘
10:00:12,8.3,25,卖盘
10:00:15,8.29,4237,卖盘
10:00:18,8.3,201,卖盘
10:00:21,8.31,2242,买盘
10:00:24,8.31,4898,买盘
10:00:27,8.3,414,买盘
10:00:30,8.3,3656,买盘
10:00:33,8.31,3757,卖盘
10:00:36,8.29,2131,卖盘
10:00:39,8.28,2423,中性
10:00:42,8.27,4546,卖盘
10:00:45,8.28,2556,中性
10:00:48,8.27,1239,中性
10:00:51,8.27,1051,买盘
10:00:54,8.27,3879,买盘
10:00:57,8.28,437,买盘
10:01:00,8.27,3859,卖盘
10:01:03,8.25,2385,卖盘
10:01:06,8.27,1590,买盘
10:01:09,8.27,1012,买盘
10:01:12,8.27,2308,买盘
10:01:15,8.28,1036,卖盘
10:01:18,8.27,4946,中性
10:01:21,8.28,1265,卖盘
10:01:24,8.26,3168,卖盘
10:01:27,8.27,818,卖盘
10:01:30,8.27,889,买盘
10:01:33,8.29,4729,买盘
10:01:36,8.28,4524,卖盘
10:01:39,8.29,819,卖盘
10:01:42,8.31,2672,中性
10:01:45,8.32,2449,卖盘
10:01:48,8.32,3900,卖盘
10:01:51,8.32,4119,买盘
10:01:54,8.34,929,买盘
10:01:57,8.32,3524,卖盘
10:02:00,8.32,4629,卖盘
10:02:03,8.32,1317,买盘
10:02:06,8.32,2588,中性
10:02:09,8.31,1520,买盘
10:02:12,8.31,4969,买盘
10:02:15,8.32,2258,卖盘
10:02:18,8.32,4745,卖盘
10:02:21,8.32,2006,买盘
10:02:24,8.32,1197,买盘
10:02:27,8.32,776,卖盘
10:02:30,8.33,940,买盘
10:02:33,8.34,1462,卖盘
10:02:36,8.32,235,买盘
10:02:39,8.3,4214,卖盘
10:02:42,8.3,2101,卖盘
10:02:45,8.29,3174,买盘
10:02:48,8.27,4494,卖盘
10:02:51,8.27,2159,买盘
10:02:54,8.29,4980,买盘
10:02:57,8.29,740,买盘
10:03:00,8.29,3905,买盘
10:03:03,8.3,3759,买盘
10:03:06,8.28,3867,卖盘
10:03:09,8.26,2223,中性
10:03:12,8.25,3463,买盘
10:03:15,8.24,33,卖盘
10:03:18,8.23,3897,买盘
10:03:21,8.21,4580,卖盘
10:03:24,8.23,4403,买盘
10:03:27,8.24,4321,卖盘
10:03:30,8.23,3117,买盘
10:03:33,8.22,195,卖盘
10:03:36,8.24,3277,卖盘
10:03:39,8.24,1242,卖盘
10:03:42,8.26,631,卖盘
10:03:45,8.28,4530,卖盘
10:03:48,8.28,278,买盘
10:03:51,8.27,3271,买盘
10:03:54,8.28,461,中性
10:03:57,8.28,3484,卖盘
10:04:00,8.29,3174,买盘
10:04:03,8.29,2607,买盘
10:04:06,8.3,2842,买盘
10:04:09,8.28,2296,买盘
10:04:12,8.3,1947,卖盘
10:04:15,8.29,2501,卖盘
10:04:18,8.31,2350,卖盘
10:04:21,8.29,1117,卖盘
10:04:24,8.31,620,中性
10:04:27,8.33,2381,卖盘
10:04:30,8.32,3564,中性
10:04:33,8.31,1891,卖盘
10:04:36,8.31,2494,卖盘
10:04:39,8.3,870,卖盘
10:04:42,8.32,1284,中性
10:04:45,8.33,3426,卖盘
10:04:48,8.32,2896,中性
10:04:51,8.33,3213,中性
10:04:54,8.34,2020,买盘
10:04:57,8.35,4283,中性
10:05:00,8.36,86,卖盘
10:05:03,8.37,3620,买盘
10:05:06,8.39,4010,中性
10:05:09,8.37,2218,买盘
10:05:12,8.39,2504,中性
10:05:15,8.38,2937,卖盘
10:05:18,8.39,1197,买盘
10:05:21,8.38,3319,中性
10:05:24,8.4,3744,卖盘
10:05:27,8.4,3907,买盘
10:05:30,8.41,3697,卖盘
10:05:33,8.4,4370,中性
10:05:36,8.4,693,买盘
10:05:39,8.41,2162,中性
10:05:42,8.42,3700,买盘
10:05:45,8.43,1065,买盘
10:05:48,8.42,2402,卖盘
10:05:51,8.4,4805,卖盘
10:05:54,8.41,661,卖盘
10:05:57,8.42,2451,买盘
10:06:00,8.41,2039,中性
10:06:03,8.43,4501,卖盘
10:06:06,8.44,84,卖盘
10:06:09,8.43,4317,买盘
10:06:12,8.42,4208,中性
10:06:15,8.41,3577,买盘
10:06:18,8.4,4067,卖盘
10:06:21,8.4,3355,中性
10:06:24,8.39,3608,买盘
10:06:27,8.41,290,中性
10:06:30,8.41,279,中性
10:06:33,8.4,4277,卖盘
10:06:36,8.38,3833,买盘
10:06:39,8.38,3897,中性
10:06:42,8.37,3157,买盘
10:06:45,8.36,342,卖盘
10:06:48,8.37,3110,卖盘
10:06:51,8.38,3241,中性
10:06:54,8.38,306,中性
10:06:57,8.39,1136,中性
10:07:00,8.38,4592,中性
10:07:03,8.39,3623,买盘
10:07:06,8.4,310,卖盘
10:07:09,8.41,3643,卖盘
10:07:12,8.42,4539,买盘
10:07:15,8.42,977,中性
10:07:18,8.4,2553,买盘
10:07:21,8.42,153,买盘
10:07:24,8.42,2801,卖盘
10:07:27,8.42,3876,中性
10:07:30,8.42,4200,买盘
10:07:33,8.4,3073,买盘
10:07:36,8.39,509,中性
10:07:39,8.38,4859,买盘
10:07:42,8.36,4678,买盘
10:07:45,8.38,1539,买盘
10:07:48,8.39,1904,卖盘
10:07:51,8.41,4161,买盘
10:07:54,8.41,3172,卖盘
10:07:57,8.42,369,买盘
10:08:00,8.43,2536,卖盘
10:08:03,8.44,4770,卖盘
10:08:06,8.43,3387,卖盘
10:08:09,8.44,993,中性
10:08:12,8.42,2241,买盘
10:08:15,8.42,1000,买盘
10:08:18,8.43,659,买盘
10:08:21,8.41,1482,中性
10:08:24,8.42,2476,买盘
10:08:27,8.44,883,卖盘
10:08:30,8.42,3278,卖盘
10:08:33,8.42,3063,中性
10:08:36,8.4,4560,买盘
10:08:39,8.39,3198,买盘
10:08:42,8.38,140,卖盘
10:08:45,8.37,2617,中性
10:08:48,8.37,888,卖盘
10:08:51,8.37,3952,买盘
10:08:54,8.37,1474,买盘
10:08:57,8.37,3766,卖盘
10:09:00,8.35,3475,卖盘
10:09:03,8.36,2762,中性
10:09:06,8.34,202,买盘
10:09:09,8.36,1342,卖盘
10:09:12,8.34,4521,买盘
10:09:15,8.35,3655,买盘
10:09:18,8.33,208,卖盘
10:09:21,8.34,4118,买盘
10:09:24,8.34,4315,买盘
10:09:27,8.36,2601,买盘
10:09:30,8.36,4692,买盘
10:09:33,8.36,2850,卖盘
10:09:36,8.36,1307,卖盘
10:09:39,8.37,4656,卖盘
10:09:42,8.37,2556,买盘
10:09:45,8.35,2643,买盘
10:09:48,8.34,4758,中性
10:09:51,8.32,1272,卖盘
10:09:54,8.33,4121,买盘
10:09:57,8.33,4397,卖盘
10:10:00,8.32,83,中性
10:10:03,8.32,2094,买盘
10:10:06,8.33,176,卖盘
10:10:09,8.33,1819,卖盘
10:10:12,8.31,1365,中性
10:10:15,8.31,3343,中性
10:10:18,8.31,2963,卖盘
10:10:21,8.31,2425,卖盘
10:10:24,8.32,3752,卖盘
10:10:27,8.33,1135,卖盘
10:10:30,8.31,2785,买盘
10:10:33,8.31,4898,买盘
10:10:36,8.3,3011,买盘
10:10:39,8.31,1552,买盘
10:10:42,8.33,1674,中性
10:10:45,8.32,2367,卖盘
10:10:48,8.31,1994,卖盘
10:10:51,8.3,603,卖盘
10:10:54,8.28,490,卖盘
10:10:57,8.27,295,买盘
10:11:00,8.26,1718,中性
10:11:03,8.25,3259,卖盘
10:11:06,8.25,4459,卖盘
10:11:09,8.26,680,卖盘
10:11:12,8.27,1359,买盘
10:11:15,8.28,2560,卖盘
10:11:18,8.26,4352,卖盘
10:11:21,8.26,2136,中性
10:11:24,8.25,823,卖盘
10:11:27,8.23,121,买盘
10:11:30,8.21,925,买盘
10:11:33,8.2,2069,卖盘
10:11:36,8.21,803,中性
10:11:39,8.19,2188,买盘
10:11:42,8.19,3607,买盘
10:11:45,8.2,1914,中性
10:11:48,8.21,2592,中性
10:11:51,8.22,4718,买盘
10:11:54,8.22,2855,买盘
10:11:57,8.22,137,买盘
10:12:00,8.23,662,卖盘
10:12:03,8.24,87,中性
10:12:06,8.26,2943,卖盘
10:12:09,8.24,1701,卖盘
10:12:12,8.25,4591,卖盘
10:12:15,8.25,3319,买盘
10:12:18,8.26,646,卖盘
10:12:21,8.25,4854,买盘
10:12:24,8.23,499,买盘
10:12:27,8.22,3068,卖盘
10:12:30,8.21,3612,买盘
10:12:33,8.2,3631,买盘
10:12:36,8.19,3983,卖盘
10:12:39,8.19,2411,卖盘
10:12:42,8.18,3006,中性
10:12:45,8.19,449,买盘
10:12:48,8.19,4237,中性
10:12:51,8.19,4016,中性
10:12:54,8.2,4341,买盘
10:12:57,8.19,2688,中性
10:13:00,8.19,1349,卖盘
10:13:03,8.2,817,中性
10:13:06,8.21,3646,卖盘
10:13:09,8.19,1789,卖盘
10:13:12,8.21,2464,卖盘
10:13:15,8.22,3894,卖盘
10:13:18,8.23,3905,卖盘
10:13:21,8.24,2473,卖盘
10:13:24,8.23,3817,卖盘
10:13:27,8.23,659,中性
10:13:30,8.25,4995,买盘
10:13:33,8.25,2105,中性
10:13:36,8.26,2608,买盘
10:13:39,8.24,2566,买盘
10:13:42,8.25,2340,中性
10:13:45,8.25,3121,买盘
10:13:48,8.24,2605,中性
10:13:51,8.23,4317,卖盘
10:13:54,8.22,3,买盘
10:13:57,8.22,2622,买盘
10:14:00,8.21,2891,卖盘
10:14:03,8.22,3307,中性
10:14:06,8.24,671,中性
10:14:09,8.25,4815,买盘
10:14:12,8.25,250,卖盘
10:14:15,8.25,1854,中性
10:14:18,8.25,3793,买盘
10:14:21,8.24,44,卖盘
10:14:24,8.23,1289,买盘
10:14:27,8.22,3514,中性
10:14:30,8.23,2947,卖盘
10:14:33,8.24,490,卖盘
10:14:36,8.25,2892,卖盘
10:14:39,8.26,54,买盘
10:14:42,8.26,955,中性
10:14:45,8.28,650,卖盘
10:14:48,8.26,2641,卖盘
10:14:51,8.25,371,中性
10:14:54,8.25,384,卖盘
10:14:57,8.26,4291,中性
10:15:00,8.26,4252,卖盘
10:15:03,8.25,923,卖盘
10:15:06,8.24,3047,卖盘
10:15:09,8.26,1815,中性
10:15:12,8.27,3941,卖盘
10:15:15,8.25,4488,买盘
10:15:18,8.24,1094,卖盘
10:15:21,8.26,1541,卖盘
10:15:24,8.27,3760,买盘
10:15:27,8.29,3576,买盘
10:15:30,8.31,4200,卖盘
10:15:33,8.29,2379,中性
10:15:36,8.3,2736,中性
10:15:39,8.31,957,卖盘
10:15:42,8.33,2506,买盘
10:15:45,8.33,4447,买盘
10:15:48,8.32,2851,买盘
10:15:51,8.32,4595,卖盘
10:15:54,8.3,4604,卖盘
10:15:57,8.29,166,买盘
10:16:00,8.3,3505,卖盘
10:16:03,8.28,3840,卖盘
10:16:06,8.29,4805,中性
10:16:09,8.29,2585,买盘
10:16:12,8.3,19,卖盘
10:16:15,8.3,2259,中性
10:16:18,8.3,2588,卖盘
10:16:21,8.29,3635,卖盘
10:16:24,8.29,2218,卖盘
10:16:27,8.29,4384,卖盘
10:16:30,8.3,1099,买盘
10:16:33,8.3,1449,卖盘
10:16:36,8.32,2506,卖盘
10:16:39,8.33,1679,买盘
10:16:42,8.31,3826,卖盘
10:16:45,8.32,4750,买盘
10:16:48,8.33,4001,卖盘
10:16:51,8.34,4876,卖盘
10:16:54,8.34,2691,卖盘
10:16:57,8.36,4109,买盘
10:17:00,8.37,2790,卖盘
10:17:03,8.35,1611,卖盘
10:17:06,8.34,3222,卖盘
10:17:09,8.33,4736,卖盘
10:17:12,8.32,942,卖盘
10:17:15,8.3,955,中性
10:17:18,8.29,3328,中性
10:17:21,8.31,2260,买盘
10:17:24,8.32,3295,中性
10:17:27,8.32,2655,卖盘
10:17:30,8.3,3857,中性
10:17:33,8.32,4590,买盘
10:17:36,8.3,2412,买盘
10:17:39,8.3,4146,买盘
10:17:42,8.29,4660,卖盘
10:17:45,8.29,2041,中性
10:17:48,8.29,2104,买盘
10:17:51,8.27,192,买盘
10:17:54,8.26,1084,中性
10:17:57,8.26,637,买盘
10:18:00,8.28,3866,中性
10:18:03,8.26,4262,中性
10:18:06,8.25,3714,中性
10:18:09,8.26,3374,中性
10:18:12,8.24,4582,卖盘
10:18:15,8.23,1944,卖盘
10:18:18,8.23,3217,卖盘
10:18:21,8.25,4921,卖盘
10:18:24,8.24,226,卖盘
10:18:27,8.25,688,卖盘
10:18:30,8.26,2154,买盘
10:18:33,8.27,4775,卖盘
10:18:36,8.28,4136,买盘
10:18:39,8.26,845,卖盘
10:18:42,8.26,3110,中性
10:18:45,8.26,227,卖盘
10:18:48,8.24,1831,卖盘
10:18:51,8.25,2878,中性
10:18:54,8.27,2033,买盘
10:18:57,8.27,1882,中性
10:19:00,8.27,1575,中性
10:19:03,8.28,3259,买盘
10:19:06,8.28,220,买盘
10:19:09,8.3,1667,买盘
10:19:12,8.31,406,卖盘
10:19:15,8.31,2295,卖盘
10:19:18,8.3,1230,买盘
10:19:21,8.31,699,买盘
10:19:24,8.32,349,卖盘
10:19:27,8.31,3417,买盘
10:19:30,8.3,4821,中性
10:19:33,8.29,3478,卖盘
10:19:36,8.3,2986,卖盘
10:19:39,8.3,2765,买盘
10:19:42,8.29,3969,买盘
10:19:45,8.28,3130,买盘
10:19:48,8.29,3758,卖盘
10:19:51,8.31,1135,中性
10:19:54,8.31,1521,卖盘
10:19:57,8.32,887,卖盘
10:20:00,8.31,913,卖盘
10:20:03,8.33,498,买盘
10:20:06,8.35,2829,卖盘
10:20:09,8.36,1648,买盘
10:20:12,8.36,143,中性
10:20:15,8.36,4661,买盘
10:20:18,8.34,4513,中性
10:20:21,8.35,3073,卖盘
10:20:24,8.37,3792,买盘
10:20:27,8.35,1505,卖盘
10:20:30,8.36,2952,买盘
10:20:33,8.35,1345,卖盘
10:20:36,8.34,883,卖盘
10:20:39,8.32,1505,买盘
10:20:42,8.33,3925,中性
10:20:45,8.35,4438,买盘
10:20:48,8.33,192,卖盘
10:20:51,8.31,1969,买盘
10:20:54,8.31,817,买盘
10:20:57,8.3,4200,中性
10:21:00,8.29,273,卖盘
10:21:03,8.28,1052,中性
10:21:06,8.29,3798,买盘
10:21:09,8.29,2106,卖盘
10:21:12,8.29,3177,买盘
10:21:15,8.29,1379,买盘
10:21:18,8.28,4892,买盘
10:21:21,8.28,2657,中性
10:21:24,8.26,4006,买盘
10:21:27,8.25,2960,卖盘
10:21:30,8.24,1399,中性
10:21:33,8.24,1274,买盘
10:21:36,8.22,1097,卖盘
10:21:39,8.23,3082,买盘
10:21:42,8.22,1978,中性
10:21:45,8.23,1187,买盘
10:21:48,8.24,2399,买盘
10:21:51,8.25,4183,买盘
10:21:54,8.23,1270,买盘
10:21:57,8.22,4245,卖盘
10:22:00,8.23,3798,买盘
10:22:03,8.23,4980,买盘
10:22:06,8.23,250,买盘
10:22:09,8.24,984,买盘
10:22:12,8.24,2673,买盘
10:22:15,8.23,471,卖盘
10:22:18,8.25,4060,中性
10:22:21,8.25,192,中性
10:22:24,8.25,4441,中性
10:22:27,8.23,4299,中性
10:22:30,8.21,3309,买盘
10:22:33,8.21,4539,中性
10:22:36,8.2,585,中性
10:22:39,8.21,360,买盘
10:22:42,8.21,2012,买盘
10:22:45,8.23,2765,卖盘
10:22:48,8.22,732,中性
10:22:51,8.21,3807,卖盘
10:22:54,8.2,4770,买盘
10:22:57,8.18,1612,卖盘
10:23:00,8.17,1637,卖盘
10:23:03,8.16,3263,卖盘
10:23:06,8.18,1233,买盘
10:23:09,8.19,3759,买盘
10:23:12,8.2,657,中性
10:23:15,8.19,4525,中性
10:23:18,8.18,1263,买盘
10:23:21,8.18,3581,买盘
10:23:24,8.18,1269,买盘
10:23:27,8.16,407,卖盘
10:23:30,8.14,3077,买盘
10:23:33,8.13,2619,卖盘
10:23:36,8.15,4622,中性
10:23:39,8.14,4652,买盘
10:23:42,8.15,1004,卖盘
10:23:45,8.15,1940,卖盘
10:23:48,8.15,4528,买盘
10:23:51,8.14,4241,中性
10:23:54,8.16,2403,买盘
10:23:57,8.16,1152,卖盘
10:24:00,8.14,3908,卖盘
10:24:03,8.12,4525,买盘
10:24:06,8.12,4867,买盘
10:24:09,8.12,4267,买盘
10:24:12,8.11,962,中性
10:24:15,8.13,2419,买盘
10:24:18,8.12,4067,买盘
10:24:21,8.12,2781,买盘
10:24:24,8.11,2711,中性
10:24:27,8.11,1658,买盘
10:24:30,8.1,3165,中性
10:24:33,8.09,3218,买盘
10:24:36,8.09,4553,买盘
10:24:39,8.09,2672,中性
10:24:42,8.1,3178,买盘
10:24:45,8.12,1476,买盘
10:24:48,8.1,2464,卖盘
10:24:51,8.12,1217,卖盘
10:24:54,8.13,779,卖盘
10:24:57,8.14,2124,卖盘
10:25:00,8.15,841,买盘
10:25:03,8.15,3247,卖盘
10:25:06,8.15,4126,卖盘
10:25:09,8.14,2416,卖盘
10:25:12,8.15,3562,买盘
10:25:15,8.14,4471,中性
10:25:18,8.13,3427,卖盘
10:25:21,8.11,2147,买盘
10:25:24,8.13,4781,买盘
10:25:27,8.12,2942,中性
10:25:30,8.13,4906,中性
10:25:33,8.12,784,卖盘
10:25:36,8.12,1013,卖盘
10:25:39,8.14,4587,买盘
10:25:42,8.12,76,买盘
10:25:45,8.12,4923,卖盘
10:25:48,8.12,1903,卖盘
10:25:51,8.11,4988,卖盘
10:25:54,8.12,17,买盘
10:25:57,8.12,1828,中性
10:26:00,8.13,4816,买盘
10:26:03,8.12,4172,买盘
10:26:06,8.11,970,卖盘
10:26:09,8.12,1405,卖盘
10:26:12,8.11,4324,卖盘
10:26:15,8.12,4557,卖盘
10:26:18,8.13,2075,中性
10:26:21,8.13,4934,买盘
10:26:24,8.13,4320,卖盘
10:26:27,8.11,3940,卖盘
10:26:30,8.1,2082,买盘
10:26:33,8.11,2582,买盘
10:26:36,8.1,4937,买盘
10:26:39,8.1,3407,中性
10:26:42,8.1,388,买盘
10:26:45,8.09,1879,卖盘
10:26:48,8.08,1978,买盘
10:26:51,8.1,4714,卖盘
10:26:54,8.08,490,卖盘
10:26:57,8.09,2489,卖盘
10:27:00,8.1,1631,卖盘
10:27:03,8.1,1908,卖盘
10:27:06,8.11,144,卖盘
10:27:09,8.09,927,卖盘
10:27:12,8.1,887,买盘
10:27:15,8.1,3951,中性
10:27:18,8.09,4043,中性
10:27:21,8.08,4060,卖盘
10:27:24,8.09,1132,买盘
10:27:27,8.08,818,卖盘
10:27:30,8.09,12,买盘
10:27:33,8.11,2230,卖盘
10:27:36,8.12,2078,买盘
10:27:39,8.1,4874,卖盘
10:27:42,8.09,845,卖盘
10:27:45,8.1,2351,买盘
10:27:48,8.08,185,中性
10:27:51,8.07,4432,买盘
10:27:54,8.06,4684,买盘
10:27:57,8.07,2553,买盘
10:28:00,8.05,4156,卖盘
10:28:03,8.06,3480,卖盘
10:28:06,8.06,4665,中性
10:28:09,8.05,2661,卖盘
10:28:12,8.05,280,买盘
10:28:15,8.05,1752,买盘
10:28:18,8.07,4428,买盘
10:28:21,8.08,1709,买盘
10:28:24,8.08,2896,中性
10:28:27,8.09,1120,卖盘
10:28:30,8.09,195,买盘
10:28:33,8.1,1424,买盘
10:28:36,8.11,3176,买盘
10:28:39,8.11,3790,卖盘
10:28:42,8.1,3214,买盘
10:28:45,8.09,3473,中性
10:28:48,8.1,610,买盘
10:28:51,8.12,616,买盘
10:28:54,8.11,4139,买盘
10:28:57,8.12,785,卖盘
10:29:00,8.1,2238,卖盘
10:29:03,8.12,2339,中性
10:29:06,8.12,1535,卖盘
10:29:09,8.12,4933,买盘
10:29:12,8.11,1271,卖盘
10:29:15,8.09,4704,买盘
10:29:18,8.11,1368,卖盘
10:29:21,8.09,2576,中性
10:29:24,8.1,2241,买盘
10:29:27,8.1,129,卖盘
10:29:30,8.1,4104,买盘
10:29:33,8.09,2757,卖盘
10:29:36,8.1,1645,买盘
10:29:39,8.11,243,卖盘
10:29:42,8.12,171,买盘
10:29:45,8.1,1500,卖盘
10:29:48,8.1,3926,买盘
10:29:51,8.09,3272,中性
10:29:54,8.08,1050,买盘
10:29:57,8.07,4233,买盘
10:30:00,8.05,4876,卖盘
10:30:03,8.03,1803,卖盘
10:30:06,8.05,2854,卖盘
10:30:09,8.04,2950,买盘
10:30:12,8.03,1244,中性
10:30:15,8.04,1467,买盘
10:30:18,8.06,263,卖盘
10:30:21,8.06,1945,卖盘
10:30:24,8.07,3635,中性
10:30:27,8.05,600,中性
10:30:30,8.07,381,卖盘
10:30:33,8.06,4356,买盘
10:30:36,8.07,366,买盘
10:30:39,8.06,2477,买盘
10:30:42,8.07,313,买盘
10:30:45,8.05,2830,买盘
10:30:48,8.06,273,买盘
10:30:51,8.04,2548,卖盘
10:30:54,8.03,947,买盘
10:30:57,8.03,244,买盘
10:31:00,8.03,3591,卖盘
10:31:03,8.05,1193,买盘
10:31:06,8.04,4477,买盘
10:31:09,8.05,673,买盘
10:31:12,8.05,930,买盘
10:31:15,8.05,502,买盘
10:31:18,8.05,4553,买盘
10:31:21,8.04,920,中性
10:31:24,8.04,1870,买盘
10:31:27,8.03,1437,买盘
10:31:30,8.01,3103,卖盘
10:31:33,8.0,4400,买盘
10:31:36,8.0,3716,买盘
10:31:39,7.99,2156,中性
10:31:42,7.98,693,买盘
10:31:45,7.99,2431,中性
10:31:48,8.01,3821,买盘
10:31:51,8.01,3736,卖盘
10:31:54,8.01,2655,中性
10:31:57,7.99,2081,买盘
10:32:00,8.01,862,买盘
10:32:03,8.02,405,买盘
10:32:06,8.01,747,买盘
10:32:09,8.01,3957,买盘
10:32:12,8.0,1159,中性
10:32:15,7.99,1210,卖盘
10:32:18,7.97,4676,买盘
10:32:21,7.96,1474,中性
10:32:24,7.97,3097,卖盘
10:32:27,7.95,4240,中性
10:32:30,7.94,224,买盘
10:32:33,7.94,265,买盘
10:32:36,7.95,2775,卖盘
10:32:39,7.95,3515,买盘
10:32:42,7.95,3855,卖盘
10:32:45,7.93,4874,买盘
10:32:48,7.93,3590,买盘
10:32:51,7.94,3219,中性
10:32:54,7.93,2170,买盘
10:32:57,7.93,4693,买盘
10:33:00,7.94,3088,卖盘
10:33:03,7.95,3900,买盘
10:33:06,7.94,2063,卖盘
10:33:09,7.95,1814,卖盘
10:33:12,7.95,2314,中性
10:33:15,7.97,3000,卖盘
10:33:18,7.99,3537,卖盘
10:33:21,8.0,3918,买盘
10:33:24,7.99,4230,卖盘
10:33:27,8.01,3262,买盘
10:33:30,8.01,2706,卖盘
10:33:33,8.0,2227,买盘
10:33:36,8.01,4564,卖盘
10:33:39,7.99,2032,中性
10:33:42,7.99,3504,买盘
10:33:45,7.99,4244,买盘
10:33:48,8.0,1090,卖盘
10:33:51,7.99,4271,中性
10:33:54,7.97,3183,买盘
10:33:57,7.98,4131,买盘
10:34:00,7.99,4470,卖盘
10:34:03,7.99,4801,卖盘
10:34:06,8.01,3735,买盘
10:34:09,8.0,4535,买盘
10:34:12,8.01,1313,中性
10:34:15,8.02,2301,买盘
10:34:18,8.04,127,卖盘
10:34:21,8.04,3917,卖盘
10:34:24,8.04,4080,卖盘
10:34:27,8.06,2888,买盘
10:34:30,8.08,4181,卖盘
10:34:33,8.06,3561,买盘
10:34:36,8.06,4160,卖盘
10:34:39,8.07,1376,买盘
10:34:42,8.07,3535,买盘
10:34:45,8.07,1883,卖盘
10:34:48,8.06,4776,买盘
10:34:51,8.06,2388,卖盘
10:34:54,8.05,4341,卖盘
10:34:57,8.06,4392,卖盘
10:35:00,8.06,3732,买盘
10:35:03,8.06,3473,卖盘
10:35:06,8.04,4154,买盘
10:35:09,8.04,2297,买盘
10:35:12,8.03,1099,卖盘
10:35:15,8.05,1379,买盘
10:35:18,8.03,1265,买盘
10:35:21,8.01,1059,中性
10:35:24,8.0,2477,卖盘
10:35:27,7.98,3554,中性
10:35:30,7.99,4819,卖盘
10:35:33,7.98,2889,卖盘
10:35:36,7.97,2978,买盘
10:35:39,7.98,345,卖盘
10:35:42,7.98,1515,买盘
10:35:45,7.97,2041,买盘
10:35:48,7.96,1780,买盘
10:35:51,7.97,516,卖盘
10:35:54,7.97,1412,买盘
10:35:57,7.97,3333,卖盘
10:36:00,7.97,3842,中性
10:36:03,7.95,3261,买盘
10:36:06,7.97,4287,买盘
10:36:09,7.98,1141,买盘
10:36:12,8.0,1188,卖盘
10:36:15,8.01,4088,买盘
10:36:18,8.01,1782,卖盘
10:36:21,8.0,1832,中性
10:36:24,7.98,3741,买盘
10:36:27,7.99,4087,买盘
10:36:30,7.98,788,买盘
10:36:33,7.96,3085,卖盘
10:36:36,7.97,3447,卖盘
10:36:39,7.96,4690,买盘
10:36:42,7.95,325,买盘
10:36:45,7.95,1491,卖盘
10:36:48,7.96,4480,中性
10:36:51,7.96,4313,买盘
10:36:54,7.97,2918,卖盘
10:36:57,7.95,2353,买盘
10:37:00,7.95,4328,中性
10:37:03,7.93,1578,卖盘
10:37:06,7.95,1031,中性
10:37:09,7.96,3993,中性
10:37:12,7.95,2182,卖盘
10:37:15,7.94,2379,卖盘
10:37:18,7.92,3554,买盘
10:37:21,7.91,688,买盘
10:37:24,7.92,4923,中性
10:37:27,7.94,3798,中性
10:37:30,7.92,3969,卖盘
10:37:33,7.9,4804,卖盘
10:37:36,7.91,616,中性
10:37:39,7.93,464,中性
10:37:42,7.92,3625,中性
10:37:45,7.93,690,卖盘
10:37:48,7.93,383,卖盘
10:37:51,7.94,1584,中性
10:37:54,7.95,611,中性
10:37:57,7.96,3325,中性
10:38:00,7.95,2940,卖盘
10:38:03,7.93,1074,买盘
10:38:06,7.92,3151,中性
10:38:09,7.93,2295,买盘
10:38:12,7.92,984,中性
10:38:15,7.92,1280,买盘
10:38:18,7.93,1025,买盘
10:38:21,7.92,2382,买盘
10:38:24,7.92,2550,卖盘
10:38:27,7.9,3776,卖盘
10:38:30,7.88,4488,买盘
10:38:33,7.88,3640,卖盘
10:38:36,7.88,4853,中性
10:38:39,7.9,2682,卖盘
10:38:42,7.88,4944,买盘
10:38:45,7.89,597,卖盘
10:38:48,7.9,2641,中性
10:38:51,7.9,3732,买盘
10:38:54,7.89,3237,买盘
10:38:57,7.89,265,卖盘
10:39:00,7.89,2722,买盘
10:39:03,7.88,2926,中性
10:39:06,7.89,4991,卖盘
10:39:09,7.87,3332,买盘
10:39:12,7.85,2107,卖盘
10:39:15,7.86,1129,卖盘
10:39:18,7.88,2366,买盘
10:39:21,7.86,2922,买盘
10:39:24,7.87,3512,中性
10:39:27,7.86,229,卖盘
10:39:30,7.87,919,卖盘
10:39:33,7.85,4962,卖盘
10:39:36,7.87,146,中性
10:39:39,7.88,4566,卖盘
10:39:42,7.9,3889,中性
10:39:45,7.88,2965,卖盘
10:39:48,7.9,1868,中性
10:39:51,7.88,3270,买盘
10:39:54,7.89,4006,中性
10:39:57,7.91,3441,买盘
10:40:00,7.9,83,卖盘
10:40:03,7.88,611,买盘
10:40:06,7.88,4555,中性
10:40:09,7.88,2602,买盘
10:40:12,7.89,2160,卖盘
10:40:15,7.91,1318,买盘
10:40:18,7.9,1134,中性
10:40:21,7.91,1911,买盘
10:40:24,7.89,3186,买盘
10:40:27,7.9,3549,买盘
10:40:30,7.89,897,买盘
10:40:33,7.91,492,卖盘
10:40:36,7.9,2896,买盘
10:40:39,7.92,3961,中性
10:40:42,7.94,3399,卖盘
10:40:45,7.95,1005,买盘
10:40:48,7.95,327,卖盘
10:40:51,7.96,2482,买盘
10:40:54,7.96,1862,卖盘
10:40:57,7.96,129,买盘
10:41:00,7.96,1222,卖盘
10:41:03,7.95,3169,买盘
10:41:06,7.94,4487,买盘
10:41:09,7.96,548,买盘
10:41:12,7.96,4281,卖盘
10:41:15,7.96,4944,中性
10:41:18,7.95,1358,卖盘
10:41:21,7.96,2461,买盘
10:41:24,7.98,3735,卖盘
10:41:27,7.99,2642,中性
10:41:30,8.0,3645,买盘
10:41:33,8.01,3175,卖盘
10:41:36,8.02,670,中性
10:41:39,8.02,3169,买盘
10:41:42,8.01,4152,卖盘
10:41:45,8.01,4670,中性
10:41:48,8.0,3566,卖盘
10:41:51,8.0,4735,买盘
10:41:54,8.01,3673,卖盘
10:41:57,7.99,2495,卖盘
10:42:00,8.01,2585,卖盘
10:42:03,8.0,3238,买盘
10:42:06,8.0,4462,买盘
10:42:09,7.98,2277,中性
10:42:12,7.98,2044,买盘
10:42:15,7.97,4213,卖盘
10:42:18,7.97,3002,卖盘
10:42:21,7.97,4791,买盘
10:42:24,7.96,913,买盘
10:42:27,7.94,2149,卖盘
10:42:30,7.93,3086,卖盘
10:42:33,7.93,4655,中性
10:42:36,7.91,155,卖盘
10:42:39,7.9,4627,买盘
10:42:42,7.9,1178,买盘
10:42:45,7.92,1717,买盘
10:42:48,7.93,787,卖盘
10:42:51,7.94,4273,买盘
10:42:54,7.95,4663,中性
10:42:57,7.97,3702,卖盘
10:43:00,7.98,4504,中性
10:43:03,7.98,2512,买盘
10:43:06,7.98,4583,买盘
10:43:09,7.99,3143,卖盘
10:43:12,7.99,4186,卖盘
10:43:15,7.99,3193,卖盘
10:43:18,7.98,68,卖盘
10:43:21,7.99,398,中性
10:43:24,7.99,4826,卖盘
10:43:27,7.99,1752,卖盘
10:43:30,8.0,1960,买盘
10:43:33,8.02,1103,买盘
10:43:36,8.01,1300,卖盘
10:43:39,8.02,3880,卖盘
10:43:42,8.04,2832,买盘
10:43:45,8.06,238,买盘
10:43:48,8.07,278,买盘
10:43:51,8.08,3123,买盘
10:43:54,8.09,1798,买盘
10:43:57,8.1,816,买盘
10:44:00,8.11,143,卖盘
10:44:03,8.1,535,卖盘
10:44:06,8.08,1411,买盘
10:44:09,8.07,4501,卖盘
10:44:12,8.08,4518,中性
10:44:15,8.09,547,买盘
10:44:18,8.08,2826,中性
10:44:21,8.08,3310,卖盘
10:44:24,8.09,1937,买盘
10:44:27,8.09,883,卖盘
10:44:30,8.07,2986,买盘
10:44:33,8.06,4310,中性
10:44:36,8.07,19,中性
10:44:39,8.08,866,买盘
10:44:42,8.07,3339,卖盘
10:44:45,8.07,2568,买盘
10:44:48,8.06,740,买盘
10:44:51,8.07,874,卖盘
10:44:54,8.08,854,卖盘
10:44:57,8.07,2727,中性
10:45:00,8.07,4506,卖盘
10:45:03,8.05,4182,买盘
10:45:06,8.07,378,买盘
10:45:09,8.07,920,买盘
10:45:12,8.08,70,卖盘
10:45:15,8.07,2008,卖盘
10:45:18,8.08,2780,买盘
10:45:21,8.09,1322,买盘
10:45:24,8.09,3866,卖盘
10:45:27,8.1,180,卖盘
10:45:30,8.1,2624,卖盘
10:45:33,8.12,4626,买盘
10:45:36,8.11,596,卖盘
10:45:39,8.12,4498,买盘
10:45:42,8.11,3965,中性
10:45:45,8.1,343,卖盘
10:45:48,8.12,3258,卖盘
10:45:51,8.12,4621,卖盘
10:45:54,8.11,2963,卖盘
10:45:57,8.1,954,卖盘
10:46:00,8.09,2881,买盘
10:46:03,8.09,1928,买盘
10:46:06,8.09,3482,卖盘
10:46:09,8.08,1821,买盘
10:46:12,8.08,1274,卖盘
10:46:15,8.1,1132,中性
10:46:18,8.09,3030,卖盘
10:46:21,8.07,4378,中性
10:46:24,8.07,254,卖盘
10:46:27,8.06,3045,卖盘
10:46:30,8.05,2893,买盘
10:46:33,8.04,655,买盘
10:46:36,8.06,2972,卖盘
10:46:39,8.05,3824,买盘
10:46:42,8.05,4996,买盘
10:46:45,8.05,4517,中性
10:46:48,8.05,1009,中性
10:46:51,8.04,4759,中性
10:46:54,8.03,255,卖盘
10:46:57,8.03,4970,买盘
10:47:00,8.03,4453,买盘
10:47:03,8.01,2572,卖盘
10:47:06,8.02,4380,中性
10:47:09,8.0,878,买盘
10:47:12,8.0,1389,卖盘
10:47:15,8.0,1066,卖盘
10:47:18,8.0,4167,卖盘
10:47:21,8.01,768,中性
10:47:24,7.99,655,卖盘
10:47:27,7.97,3667,买盘
10:47:30,7.96,1014,中性
10:47:33,7.97,4900,中性
10:47:36,7.96,1444,卖盘
10:47:39,7.97,1333,买盘
10:47:42,7.99,3135,卖盘
10:47:45,7.98,1998,买盘
10:47:48,7.98,4525,买盘
10:47:51,7.97,3408,买盘
10:47:54,7.97,2794,买盘
10:47:57,7.97,2416,中性
10:48:00,7.99,3758,中性
10:48:03,7.97,4657,买盘
10:48:06,7.99,3204,卖盘
10:48:09,7.98,2247,买盘
10:48:12,8.0,3816,卖盘
10:48:15,7.98,927,卖盘
10:48:18,7.97,4023,中性
10:48:21,7.98,3152,卖盘
10:48:24,7.99,4574,买盘
10:48:27,8.01,3065,中性
10:48:30,8.01,588,卖盘
10:48:33,8.0,3935,中性
10:48:36,7.99,3318,卖盘
10:48:39,7.97,165,卖盘
10:48:42,7.97,2085,中性
10:48:45,7.97,4158,卖盘
10:48:48,7.97,19,卖盘
10:48:51,7.96,580,买盘
10:48:54,7.98,4151,中性
10:48:57,7.98,4045,买盘
10:49:00,7.97,1382,买盘
10:49:03,7.98,1217,卖盘
10:49:06,7.97,85,卖盘
10:49:09,7.96,1169,卖盘
10:49:12,7.94,2527,卖盘
10:49:15,7.96,2195,卖盘
10:49:18,7.94,446,卖盘
10:49:21,7.94,3338,卖盘
10:49:24,7.96,4026,卖盘
10:49:27,7.98,4176,中性
10:49:30,7.98,2534,买盘
10:49:33,7.99,1813,卖盘
10:49:36,7.99,4115,卖盘
10:49:39,8.01,1411,中性
10:49:42,8.0,552,买盘
10:49:45,8.0,998,买盘
10:49:48,7.98,2732,买盘
10:49:51,7.97,373,卖盘
10:49:54,7.99,849,卖盘
10:49:57,8.01,504,买盘
10:50:00,7.99,315,卖盘
10:50:03,7.97,2991,卖盘
10:50:06,7.98,1553,买盘
10:50:09,8.0,758,卖盘
10:50:12,8.0,4525,买盘
10:50:15,7.98,204,中性
10:50:18,7.97,2244,卖盘
10:50:21,7.97,1962,中性
10:50:24,7.98,529,中性
10:50:27,7.99,209,中性
10:50:30,7.97,3337,卖盘
10:50:33,7.97,2045,卖盘
10:50:36,7.98,1100,卖盘
10:50:39,7.97,1546,买盘
10:50:42,7.95,4199,卖盘
10:50:45,7.95,679,中性
10:50:48,7.94,1608,卖盘
10:50:51,7.95,1426,买盘
10:50:54,7.94,2441,中性
10:50:57,7.93,1279,卖盘
10:51:00,7.93,3804,卖盘
10:51:03,7.94,3484,买盘
10:51:06,7.94,1174,买盘
10:51:09,7.93,4989,买盘
10:51:12,7.91,88,买盘
10:51:15,7.92,4274,买盘
10:51:18,7.93,4682,卖盘
10:51:21,7.94,2065,买盘
10:51:24,7.94,1503,中性
10:51:27,7.94,2023,卖盘
10:51:30,7.92,3558,中性
10:51:33,7.91,418,中性
10:51:36,7.89,3429,卖盘
10:51:39,7.88,2262,卖盘
10:51:42,7.87,509,买盘
10:51:45,7.86,1293,卖盘
10:51:48,7.85,325,卖盘
10:51:51,7.83,4813,买盘
10:51:54,7.82,3588,中性
10:51:57,7.82,2372,买盘
10:52:00,7.8,310,买盘
10:52:03,7.79,4569,卖盘
10:52:06,7.81,846,买盘
10:52:09,7.81,1768,买盘
10:52:12,7.82,2818,买盘
10:52:15,7.81,4916,买盘
10:52:18,7.83,2582,买盘
10:52:21,7.84,227,中性
10:52:24,7.86,3687,中性
10:52:27,7.85,2741,卖盘
10:52:30,7.85,3958,卖盘
10:52:33,7.84,4355,买盘
10:52:36,7.84,1918,中性
10:52:39,7.85,3946,卖盘
10:52:42,7.84,2591,买盘
10:52:45,7.84,1094,买盘
10:52:48,7.84,2489,买盘
10:52:51,7.84,2759,买盘
10:52:54,7.84,2374,卖盘
10:52:57,7.82,1094,买盘
10:53:00,7.84,1876,买盘
10:53:03,7.85,3933,卖盘
10:53:06,7.86,3862,中性
10:53:09,7.85,2834,卖盘
10:53:12,7.83,3827,买盘
10:53:15,7.83,4778,卖盘
10:53:18,7.85,87,买盘
10:53:21,7.84,163,卖盘
10:53:24,7.84,1933,卖盘
10:53:27,7.82,3447,卖盘
10:53:30,7.81,2708,卖盘
10:53:33,7.79,3386,卖盘
10:53:36,7.78,1583,买盘
10:53:39,7.77,4567,中性
10:53:42,7.79,224,卖盘
10:53:45,7.78,1929,中性
10:53:48,7.79,1018,买盘
10:53:51,7.81,4125,中性
10:53:54,7.79,3041,中性
10:53:57,7.81,3118,买盘
10:54:00,7.79,4434,中性
10:54:03,7.79,3363,卖盘
10:54:06,7.81,4377,卖盘
10:54:09,7.82,2751,买盘
10:54:12,7.83,4588,卖盘
10:54:15,7.84,2825,卖盘
10:54:18,7.84,4285,中性
10:54:21,7.83,502,中性
10:54:24,7.83,3056,买盘
10:54:27,7.83,1006,中性
10:54:30,7.84,3418,卖盘
10:54:33,7.83,1608,买盘
10:54:36,7.83,1281,买盘
10:54:39,7.82,4959,中性
10:54:42,7.84,2795,买盘
10:54:45,7.85,3750,卖盘
10:54:48,7.85,4454,中性
10:54:51,7.86,2824,卖盘
10:54:54,7.87,486,买盘
10:54:57,7.89,1983,买盘
10:55:00,7.9,2312,中性
10:55:03,7.89,605,卖盘
10:55:06,7.88,1418,卖盘
10:55:09,7.86,2934,卖盘
10:55:12,7.88,3816,买盘
10:55:15,7.88,4774,买盘
10:55:18,7.9,3321,卖盘
10:55:21,7.89,3674,卖盘
10:55:24,7.88,3292,卖盘
10:55:27,7.89,3719,卖盘
10:55:30,7.88,1082,买盘
10:55:33,7.89,2971,中性
10:55:36,7.9,948,买盘
10:55:39,7.89,637,买盘
10:55:42,7.9,826,卖盘
10:55:45,7.91,2252,卖盘
10:55:48,7.91,4632,买盘
10:55:51,7.92,3281,卖盘
10:55:54,7.9,4845,卖盘
10:55:57,7.89,4142,卖盘
10:56:00,7.88,1837,中性
10:56:03,7.86,2559,中性
10:56:06,7.88,1508,中性
10:56:09,7.87,2001,买盘
10:56:12,7.88,1295,卖盘
10:56:15,7.89,1754,买盘
10:56:18,7.89,2442,买盘
10:56:21,7.91,297,买盘
10:56:24,7.91,4355,买盘
10:56:27,7.92,2209,买盘
10:56:30,7.93,2503,买盘
10:56:33,7.93,676,买盘
10:56:36,7.93,3260,买盘
10:56:39,7.92,2084,买盘
10:56:42,7.91,1850,卖盘
10:56:45,7.89,4403,买盘
10:56:48,7.9,2116,中性
10:56:51,7.91,1488,卖盘
10:56:54,7.91,1045,买盘
10:56:57,7.89,1583,买盘
10:57:00,7.88,1621,卖盘
10:57:03,7.88,101,买盘
10:57:06,7.86,4026,卖盘
10:57:09,7.85,2004,买盘
10:57:12,7.84,3666,买盘
10:57:15,7.84,270,卖盘
10:57:18,7.83,3409,买盘
10:57:21,7.83,3243,买盘
10:57:24,7.85,3721,卖盘
10:57:27,7.85,1682,买盘
10:57:30,7.86,2510,买盘
10:57:33,7.85,682,买盘
10:57:36,7.85,2130,卖盘
10:57:39,7.83,3303,买盘
10:57:42,7.84,4158,买盘
10:57:45,7.82,4970,中性
10:57:48,7.81,4208,中性
10:57:51,7.8,887,卖盘
10:57:54,7.82,3877,买盘
10:57:57,7.83,1925,买盘
10:58:00,7.85,2282,买盘
10:58:03,7.84,542,买盘
10:58:06,7.85,4570,买盘
10:58:09,7.84,4482,中性
10:58:12,7.84,1561,卖盘
10:58:15,7.86,2723,中性
10:58:18,7.85,1469,买盘
10:58:21,7.85,4127,卖盘
10:58:24,7.87,1646,卖盘
10:58:27,7.85,1354,卖盘
10:58:30,7.84,2009,卖盘
10:58:33,7.84,1791,买盘
10:58:36,7.84,4493,买盘
10:58:39,7.85,811,买盘
10:58:42,7.86,2764,卖盘
10:58:45,7.87,1895,中性
10:58:48,7.85,2148,买盘
10:58:51,7.84,4374,买盘
10:58:54,7.83,491,卖盘
10:58:57,7.83,1288,中性
10:59:00,7.84,4377,卖盘
10:59:03,7.84,3968,买盘
10:59:06,7.82,4648,卖盘
10:59:09,7.82,1920,买盘
10:59:12,7.83,4265,买盘
10:59:15,7.84,367,中性
10:59:18,7.84,3936,买盘
10:59:21,7.83,1909,中性
10:59:24,7.82,3023,中性
10:59:27,7.83,1771,卖盘
10:59:30,7.81,3216,卖盘
10:59:33,7.81,1712,卖盘
10:59:36,7.81,1393,中性
10:59:39,7.83,106,卖盘
10:59:42,7.83,1096,卖盘
10:59:45,7.82,4542,买盘
10:59:48,7.83,4870,卖盘
10:59:51,7.85,3982,卖盘
10:59:54,7.84,4551,买盘
10:59:57,7.85,4821,卖盘
11:00:00,7.86,251,买盘
11:00:03,7.86,4877,中性
11:00:06,7.88,4899,卖盘
11:00:09,7.86,2680,中性
11:00:12,7.86,704,卖盘
11:00:15,7.84,4711,买盘
11:00:18,7.86,4931,买盘
11:00:21,7.87,965,中性
11:00:24,7.85,2077,中性
11:00:27,7.83,1317,买盘
11:00:30,7.85,3171,卖盘
11:00:33,7.87,3898,买盘
11:00:36,7.86,1014,买盘
11:00:39,7.85,2025,买盘
11:00:42,7.87,2112,买盘
11:00:45,7.86,4930,卖盘
11:00:48,7.87,1565,买盘
11:00:51,7.88,1461,卖盘
11:00:54,7.87,1417,卖盘
11:00:57,7.86,4929,卖盘
11:01:00,7.88,4294,卖盘
11:01:03,7.86,1564,中性
11:01:06,7.87,4776,买盘
11:01:09,7.86,4327,卖盘
11:01:12,7.85,2774,中性
11:01:15,7.84,1109,中性
11:01:18,7.82,2776,中性
11:01:21,7.81,31,卖盘
11:01:24,7.8,4072,卖盘
11:01:27,7.82,871,卖盘
11:01:30,7.81,2740,卖盘
11:01:33,7.81,4134,卖盘
11:01:36,7.79,1657,卖盘
11:01:39,7.79,2785,卖盘
11:01:42,7.81,3980,卖盘
11:01:45,7.79,1315,卖盘
11:01:48,7.77,1229,买盘
11:01:51,7.76,2869,中性
11:01:54,7.75,3176,卖盘
11:01:57,7.73,1970,卖盘
11:02:00,7.75,332,买盘
11:02:03,7.73,942,中性
11:02:06,7.74,4976,中性
11:02:09,7.72,2738,卖盘
11:02:12,7.72,1010,卖盘
11:02:15,7.7,4310,买盘
11:02:18,7.71,4242,中性
11:02:21,7.71,4156,买盘
11:02:24,7.71,3735,中性
11:02:27,7.71,1177,买盘
11:02:30,7.71,3051,中性
11:02:33,7.72,2836,卖盘
11:02:36,7.73,2514,卖盘
11:02:39,7.74,1097,买盘
11:02:42,7.74,1555,买盘
11:02:45,7.75,613,卖盘
11:02:48,7.75,842,买盘
11:02:51,7.77,859,卖盘
11:02:54,7.76,4318,买盘
11:02:57,7.74,1296,中性
11:03:00,7.73,2046,买盘
11:03:03,7.73,3762,买盘
11:03:06,7.72,1312,买盘
11:03:09,7.72,2452,卖盘
11:03:12,7.7,4533,买盘
11:03:15,7.7,4199,买盘
11:03:18,7.7,1222,中性
11:03:21,7.71,237,中性
11:03:24,7.69,3254,买盘
11:03:27,7.71,2666,买盘
11:03:30,7.71,3492,买盘
11:03:33,7.7,3181,卖盘
11:03:36,7.7,338,买盘
11:03:39,7.72,137,卖盘
11:03:42,7.74,916,卖盘
11:03:45,7.74,2101,买盘
11:03:48,7.74,3871,中性
11:03:51,7.74,4695,买盘
11:03:54,7.74,939,买盘
11:03:57,7.75,1650,买盘
11:04:00,7.75,4180,买盘
11:04:03,7.74,3238,卖盘
11:04:06,7.76,4939,卖盘
11:04:09,7.78,3720,中性
11:04:12,7.79,2487,买盘
11:04:15,7.77,1738,卖盘
11:04:18,7.79,1727,卖盘
11:04:21,7.77,935,买盘
11:04:24,7.76,295,买盘
11:04:27,7.77,1039,买盘
11:04:30,7.78,3772,中性
11:04:33,7.76,1175,买盘
11:04:36,7.75,846,卖盘
11:04:39,7.74,4197,卖盘
11:04:42,7.73,243,买盘
11:04:45,7.73,2274,中性
11:04:48,7.71,4492,买盘
11:04:51,7.7,770,卖盘
11:04:54,7.7,2695,买盘
11:04:57,7.69,1182,中性
11:05:00,7.7,3334,买盘
11:05:03,7.69,3960,卖盘
11:05:06,7.7,1071,买盘
11:05:09,7.71,3096,买盘
11:05:12,7.72,1387,买盘
11:05:15,7.73,2005,中性
11:05:18,7.73,4771,卖盘
11:05:21,7.75,2427,买盘
11:05:24,7.75,2328,卖盘
11:05:27,7.76,993,中性
11:05:30,7.75,3175,卖盘
11:05:33,7.73,4834,买盘
11:05:36,7.72,2524,买盘
11:05:39,7.71,4582,中性
11:05:42,7.72,3184,卖盘
11:05:45,7.72,1221,卖盘
11:05:48,7.71,4346,中性
11:05:51,7.72,872,中性
11:05:54,7.73,1725,买盘
11:05:57,7.72,4499,卖盘
11:06:00,7.73,210,买盘
11:06:03,7.72,793,卖盘
11:06:06,7.7,3111,买盘
11:06:09,7.7,1215,买盘
11:06:12,7.68,284,卖盘
11:06:15,7.69,4848,买盘
11:06:18,7.7,1795,买盘
11:06:21,7.7,4866,买盘
11:06:24,7.72,3293,中性
11:06:27,7.72,3439,买盘
11:06:30,7.73,738,中性
11:06:33,7.74,1889,中性
11:06:36,7.72,749,卖盘
11:06:39,7.74,510,卖盘
11:06:42,7.75,2942,卖盘
11:06:45,7.73,4233,买盘
11:06:48,7.73,1223,卖盘
11:06:51,7.75,1778,中性
11:06:54,7.74,2990,卖盘
11:06:57,7.74,3723,卖盘
11:07:00,7.72,2723,卖盘
11:07:03,7.71,2870,卖盘
11:07:06,7.69,1570,卖盘
11:07:09,7.7,3233,卖盘
11:07:12,7.71,2781,买盘
11:07:15,7.73,4061,卖盘
11:07:18,7.72,2826,卖盘
11:07:21,7.73,65,买盘
11:07:24,7.73,1416,买盘
11:07:27,7.74,2243,卖盘
11:07:30,7.76,689,买盘
11:07:33,7.77,4726,买盘
11:07:36,7.76,3790,卖盘
11:07:39,7.75,4152,卖盘
11:07:42,7.77,780,买盘
11:07:45,7.77,1894,中性
11:07:48,7.77,3719,买盘
11:07:51,7.79,1761,买盘
11:07:54,7.81,396,买盘
11:07:57,7.8,4327,中性
11:08:00,7.81,2280,中性
11:08:03,7.83,4535,买盘
11:08:06,7.84,4753,卖盘
11:08:09,7.85,626,卖盘
11:08:12,7.84,223,卖盘
11:08:15,7.83,1737,买盘
11:08:18,7.83,665,买盘
11:08:21,7.84,1055,中性
11:08:24,7.82,2870,卖盘
11:08:27,7.82,1395,买盘
11:08:30,7.82,422,卖盘
11:08:33,7.84,1703,买盘
11:08:36,7.84,392,卖盘
11:08:39,7.85,2385,中性
11:08:42,7.85,3739,买盘
11:08:45,7.84,4977,卖盘
11:08:48,7.85,3186,中性
11:08:51,7.84,2424,买盘
11:08:54,7.83,2909,中性
11:08:57,7.81,3884,买盘
11:09:00,7.8,4681,买盘
11:09:03,7.81,3175,卖盘
11:09:06,7.81,236,卖盘
11:09:09,7.8,2278,卖盘
11:09:12,7.78,4037,中性
11:09:15,7.79,4990,卖盘
11:09:18,7.8,2027,买盘
11:09:21,7.8,1525,卖盘
11:09:24,7.8,133,买盘
11:09:27,7.82,2269,卖盘
11:09:30,7.81,3264,买盘
11:09:33,7.82,1358,卖盘
11:09:36,7.82,1910,卖盘
11:09:39,7.8,3126,卖盘
11:09:42,7.78,890,卖盘
11:09:45,7.78,3630,卖盘
11:09:48,7.76,2749,卖盘
11:09:51,7.74,1442,中性
11:09:54,7.75,4254,中性
11:09:57,7.74,4608,买盘
11:10:00,7.74,4539,买盘
11:10:03,7.76,1727,卖盘
11:10:06,7.77,838,中性
11:10:09,7.78,3362,卖盘
11:10:12,7.79,872,卖盘
11:10:15,7.77,1811,卖盘
11:10:18,7.76,3392,买盘
11:10:21,7.75,2740,买盘
11:10:24,7.75,4785,买盘
11:10:27,7.73,4935,卖盘
11:10:30,7.72,3748,卖盘
11:10:33,7.74,4407,买盘
11:10:36,7.73,2653,买盘
11:10:39,7.71,890,中性
11:10:42,7.69,35,中性
11:10:45,7.7,2489,买盘
11:10:48,7.69,2277,买盘
11:10:51,7.71,1420,买盘
11:10:54,7.69,2957,卖盘
11:10:57,7.68,3385,买盘
11:11:00,7.67,1867,卖盘
11:11:03,7.69,1447,买盘
11:11:06,7.71,2988,卖盘
11:11:09,7.69,3369,中性
11:11:12,7.71,573,买盘
11:11:15,7.72,4051,卖盘
11:11:18,7.74,359,卖盘
11:11:21,7.74,1350,中性
11:11:24,7.76,1628,卖盘
11:11:27,7.78,3809,卖盘
11:11:30,7.78,2578,卖盘
11:11:33,7.79,2917,卖盘
11:11:36,7.77,2514,买盘
11:11:39,7.76,3950,卖盘
11:11:42,7.78,4917,卖盘
11:11:45,7.79,514,卖盘
11:11:48,7.77,1700,中性
11:11:51,7.76,4087,卖盘
11:11:54,7.76,2209,买盘
11:11:57,7.77,149,中性
11:12:00,7.79,4728,买盘
11:12:03,7.78,3545,卖盘
11:12:06,7.8,598,买盘
11:12:09,7.81,2606,买盘
11:12:12,7.81,4826,买盘
11:12:15,7.81,4847,卖盘
11:12:18,7.81,995,买盘
11:12:21,7.79,4573,中性
11:12:24,7.79,3413,卖盘
11:12:27,7.78,4299,卖盘
11:12:30,7.78,1354,买盘
11:12:33,7.79,4312,卖盘
11:12:36,7.77,2203,卖盘
11:12:39,7.76,134,卖盘
11:12:42,7.76,4969,买盘
11:12:45,7.76,4040,卖盘
11:12:48,7.74,253,卖盘
11:12:51,7.75,3265,中性
11:12:54,7.74,2764,买盘
11:12:57,7.74,3058,卖盘
11:13:00,7.73,1588,卖盘
11:13:03,7.75,3497,卖盘
11:13:06,7.74,2176,卖盘
11:13:09,7.73,3850,卖盘
11:13:12,7.74,1795,卖盘
11:13:15,7.75,1080,买盘
11:13:18,7.75,4724,卖盘
11:13:21,7.74,1586,卖盘
11:13:24,7.72,4690,买盘
11:13:27,7.71,1067,买盘
11:13:30,7.7,4906,卖盘
11:13:33,7.71,4865,中性
11:13:36,7.7,4567,买盘
11:13:39,7.68,790,买盘
11:13:42,7.7,865,卖盘
11:13:45,7.71,3787,买盘
11:13:48,7.7,1232,卖盘
11:13:51,7.69,4802,卖盘
11:13:54,7.69,3569,卖盘
11:13:57,7.67,1565,卖盘
11:14:00,7.65,1948,卖盘
11:14:03,7.64,1162,卖盘
11:14:06,7.63,3934,买盘
11:14:09,7.63,3443,买盘
11:14:12,7.63,106,买盘
11:14:15,7.64,743,买盘
11:14:18,7.63,4898,中性
11:14:21,7.64,4436,卖盘
11:14:24,7.64,4264,买盘
11:14:27,7.64,2048,卖盘
11:14:30,7.66,299,买盘
11:14:33,7.64,4734,买盘
11:14:36,7.64,784,卖盘
11:14:39,7.63,2038,卖盘
11:14:42,7.63,4826,卖盘
11:14:45,7.61,381,中性
11:14:48,7.62,1106,买盘
11:14:51,7.62,1528,买盘
11:14:54,7.62,3673,买盘
11:14:57,7.64,3248,买盘
11:15:00,7.62,2588,卖盘
11:15:03,7.64,833,中性
11:15:06,7.63,1647,中性
11:15:09,7.63,1530,卖盘
11:15:12,7.62,4664,买盘
11:15:15,7.62,3689,买盘
11:15:18,7.64,2108,买盘
11:15:21,7.64,2748,买盘
11:15:24,7.63,4265,卖盘
11:15:27,7.63,2212,买盘
11:15:30,7.65,1690,买盘
11:15:33,7.65,4542,买盘
11:15:36,7.65,819,买盘
11:15:39,7.66,4946,卖盘
11:15:42,7.65,3879,卖盘
11:15:45,7.65,3210,卖盘
11:15:48,7.67,4206,中性
11:15:51,7.67,2365,买盘
11:15:54,7.66,4429,买盘
11:15:57,7.66,540,中性
11:16:00,7.65,4715,买盘
11:16:03,7.63,3723,卖盘
11:16:06,7.63,2171,卖盘
11:16:09,7.64,4618,中性
11:16:12,7.64,2757,买盘
11:16:15,7.62,4043,卖盘
11:16:18,7.62,3365,买盘
11:16:21,7.62,890,中性
11:16:24,7.63,3532,卖盘
11:16:27,7.65,3350,买盘
11:16:30,7.66,1568,买盘
11:16:33,7.67,1781,买盘
11:16:36,7.69,3402,中性
11:16:39,7.67,1163,买盘
11:16:42,7.69,789,卖盘
11:16:45,7.7,1378,买盘
11:16:48,7.72,3743,卖盘
11:16:51,7.71,2493,卖盘
11:16:54,7.73,1904,买盘
11:16:57,7.74,1862,买盘
11:17:00,7.74,3176,卖盘
11:17:03,7.74,4664,中性
11:17:06,7.75,681,买盘
11:17:09,7.76,4825,买盘
11:17:12,7.77,668,买盘
11:17:15,7.76,2847,卖盘
11:17:18,7.76,2504,买盘
11:17:21,7.76,3168,卖盘
11:17:24,7.76,2153,买盘
11:17:27,7.75,1156,卖盘
11:17:30,7.76,4939,中性
11:17:33,7.75,2512,卖盘
11:17:36,7.76,1294,卖盘
11:17:39,7.77,1850,买盘
11:17:42,7.78,1234,卖盘
11:17:45,7.77,19,中性
11:17:48,7.78,3,买盘
11:17:51,7.76,4324,中性
11:17:54,7.77,1886,卖盘
11:17:57,7.79,1300,买盘
11:18:00,7.78,4811,卖盘
11:18:03,7.79,2732,卖盘
11:18:06,7.79,2988,中性
11:18:09,7.77,436,卖盘
11:18:12,7.78,4301,卖盘
11:18:15,7.77,77,卖盘
11:18:18,7.79,106,买盘
11:18:21,7.79,3347,买盘
11:18:24,7.78,3149,买盘
11:18:27,7.79,3850,卖盘
11:18:30,7.79,3809,卖盘
11:18:33,7.77,2400,买盘
11:18:36,7.78,1470,买盘
11:18:39,7.8,4720,卖盘
11:18:42,7.79,43,卖盘
11:18:45,7.77,4692,买盘
11:18:48,7.77,2225,卖盘
11:18:51,7.79,1331,买盘
11:18:54,7.81,3404,卖盘
11:18:57,7.8,1815,中性
11:19:00,7.79,2878,卖盘
11:19:03,7.78,746,卖盘
11:19:06,7.76,4024,中性
11:19:09,7.75,1726,中性
11:19:12,7.76,1337,卖盘
11:19:15,7.76,33,中性
11:19:18,7.78,3415,中性
11:19:21,7.76,1544,买盘
11:19:24,7.74,3389,买盘
11:19:27,7.73,4406,中性
11:19:30,7.73,3433,卖盘
11:19:33,7.74,731,卖盘
11:19:36,7.74,4229,卖盘
11:19:39,7.73,2397,买盘
11:19:42,7.74,4172,卖盘
11:19:45,7.73,4425,中性
11:19:48,7.72,2690,卖盘
11:19:51,7.7,3472,买盘
11:19:54,7.69,3622,卖盘
11:19:57,7.68,3123,卖盘
11:20:00,7.68,621,买盘
11:20:03,7.69,2244,买盘
11:20:06,7.68,3712,中性
11:20:09,7.67,2046,卖盘
11:20:12,7.67,402,中性
11:20:15,7.65,3924,买盘
11:20:18,7.66,4222,中性
11:20:21,7.64,2676,卖盘
11:20:24,7.65,1233,卖盘
11:20:27,7.67,4485,买盘
11:20:30,7.67,4617,卖盘
11:20:33,7.65,289,卖盘
11:20:36,7.65,1722,卖盘
11:20:39,7.63,2991,卖盘
11:20:42,7.65,3224,卖盘
11:20:45,7.64,4168,卖盘
11:20:48,7.63,2403,卖盘
11:20:51,7.61,3607,卖盘
11:20:54,7.59,4458,中性
11:20:57,7.57,4671,卖盘
11:21:00,7.57,3921,买盘
11:21:03,7.56,1908,卖盘
11:21:06,7.56,1404,买盘
11:21:09,7.57,11,卖盘
11:21:12,7.56,3004,卖盘
11:21:15,7.57,3089,买盘
11:21:18,7.56,1790,中性
11:21:21,7.57,4839,中性
11:21:24,7.55,1077,中性
11:21:27,7.57,3126,买盘
11:21:30,7.55,3130,卖盘
11:21:33,7.55,4349,卖盘
11:21:36,7.56,3139,卖盘
11:21:39,7.55,4197,中性
11:21:42,7.56,3815,卖盘
11:21:45,7.56,447,卖盘
11:21:48,7.56,4054,中性
11:21:51,7.56,1246,卖盘
11:21:54,7.54,4665,买盘
11:21:57,7.56,839,中性
11:22:00,7.56,30,买盘
11:22:03,7.56,1258,中性
11:22:06,7.55,905,买盘
11:22:09,7.57,2837,卖盘
11:22:12,7.56,3961,卖盘
11:22:15,7.57,774,卖盘
11:22:18,7.55,4508,中性
11:22:21,7.57,4288,卖盘
11:22:24,7.57,4478,卖盘
11:22:27,7.56,4564,卖盘
11:22:30,7.56,604,卖盘
11:22:33,7.55,2016,买盘
11:22:36,7.57,1614,买盘
11:22:39,7.56,4109,中性
11:22:42,7.55,149,卖盘
11:22:45,7.54,3757,中性
11:22:48,7.55,4588,买盘
11:22:51,7.54,1604,卖盘
11:22:54,7.55,4804,买盘
11:22:57,7.57,3183,买盘
11:23:00,7.55,4806,卖盘
11:23:03,7.56,2649,卖盘
11:23:06,7.57,871,中性
11:23:09,7.56,271,中性
11:23:12,7.57,4664,卖盘
11:23:15,7.59,1713,中性
11:23:18,7.58,887,卖盘
11:23:21,7.59,1786,中性
11:23:24,7.6,296,中性
11:23:27,7.61,4891,卖盘
11:23:30,7.62,2292,买盘
11:23:33,7.62,3694,卖盘
11:23:36,7.63,3414,买盘
11:23:39,7.64,1070,买盘
11:23:42,7.64,3687,买盘
11:23:45,7.65,2108,买盘
11:23:48,7.65,2830,卖盘
11:23:51,7.65,1560,卖盘
11:23:54,7.63,626,卖盘
11:23:57,7.64,2782,卖盘
11:24:00,7.66,1089,中性
11:24:03,7.67,1902,中性
11:24:06,7.67,1598,买盘
11:24:09,7.68,4826,卖盘
11:24:12,7.68,139,买盘
11:24:15,7.7,2246,买盘
11:24:18,7.71,4901,买盘
11:24:21,7.7,640,买盘
11:24:24,7.7,4900,买盘
11:24:27,7.68,2986,卖盘
11:24:30,7.7,3989,买盘
11:24:33,7.71,38,买盘
11:24:36,7.69,1441,卖盘
11:24:39,7.7,4665,卖盘
11:24:42,7.7,4152,中性
11:24:45,7.7,2048,卖盘
11:24:48,7.69,257,买盘
11:24:51,7.71,2097,卖盘
11:24:54,7.7,4530,卖盘
11:24:57,7.69,1390,买盘
11:25:00,7.7,4940,买盘
11:25:03,7.69,977,买盘
11:25:06,7.71,3343,卖盘
11:25:09,7.7,3220,买盘
11:25:12,7.72,2422,卖盘
11:25:15,7.7,4184,中性
11:25:18,7.69,4697,卖盘
11:25:21,7.68,3891,买盘
11:25:24,7.67,4794,买盘
11:25:27,7.66,3487,买盘
11:25:30,7.67,4333,买盘
11:25:33,7.65,4743,中性
11:25:36,7.64,4569,卖盘
11:25:39,7.66,3364,中性
11:25:42,7.65,4113,卖盘
11:25:45,7.64,1897,卖盘
11:25:48,7.65,880,中性
11:25:51,7.64,1649,买盘
11:25:54,7.63,2970,买盘
11:25:57,7.64,81,中性
11:26:00,7.63,3642,买盘
11:26:03,7.62,3500,卖盘
11:26:06,7.63,1190,买盘
11:26:09,7.64,459,买盘
11:26:12,7.66,1026,卖盘
11:26:15,7.65,2686,卖盘
11:26:18,7.64,2023,买盘
11:26:21,7.63,4749,卖盘
11:26:24,7.61,2029,卖盘
11:26:27,7.63,2621,卖盘
11:26:30,7.63,3873,中性
11:26:33,7.61,766,卖盘
11:26:36,7.62,4093,买盘
11:26:39,7.62,1973,买盘
11:26:42,7.61,4219,买盘
11:26:45,7.62,841,买盘
11:26:48,7.63,4119,卖盘
11:26:51,7.63,2283,买盘
11:26:54,7.63,4922,买盘
11:26:57,7.62,2983,卖盘
11:27:00,7.61,3020,卖盘
11:27:03,7.61,52,卖盘
11:27:06,7.6,1649,买盘
11:27:09,7.61,2280,卖盘
11:27:12,7.59,1075,卖盘
11:27:15,7.6,1987,买盘
11:27:18,7.61,1047,买盘
11:27:21,7.61,501,卖盘
11:27:24,7.62,4609,中性
11:27:27,7.61,2333,买盘
11:27:30,7.59,989,卖盘
11:27:33,7.57,1755,中性
11:27:36,7.59,1495,卖盘
11:27:39,7.58,2325,中性
11:27:42,7.56,3354,卖盘
11:27:45,7.55,4696,卖盘
11:27:48,7.54,1783,卖盘
11:27:51,7.53,3133,买盘
11:27:54,7.55,2838,买盘
11:27:57,7.57,4240,卖盘
11:28:00,7.59,1420,卖盘
11:28:03,7.59,1441,买盘
11:28:06,7.58,4176,买盘
11:28:09,7.59,865,卖盘
11:28:12,7.59,1503,买盘
11:28:15,7.58,4660,买盘
11:28:18,7.57,599,卖盘
11:28:21,7.56,3042,卖盘
11:28:24,7.58,67,中性
11:28:27,7.6,2751,买盘
11:28:30,7.59,3986,买盘
11:28:33,7.6,3013,中性
11:28:36,7.62,1487,卖盘
11:28:39,7.63,1506,买盘
11:28:42,7.64,1185,中性
11:28:45,7.65,917,卖盘
11:28:48,7.67,1242,卖盘
11:28:51,7.68,1524,卖盘
11:28:54,7.69,2889,买盘
11:28:57,7.69,691,中性
11:29:00,7.7,893,卖盘
11:29:03,7.71,4504,中性
11:29:06,7.7,3696,买盘
11:29:09,7.69,4513,中性
11:29:12,7.7,4263,买盘
11:29:15,7.71,3045,买盘
11:29:18,7.7,1282,卖盘
11:29:21,7.69,3817,买盘
11:29:24,7.68,892,买盘
11:29:27,7.69,4483,买盘
11:29:30,7.7,4536,卖盘
11:29:33,7.7,735,买盘
11:29:36,7.7,4269,买盘
11:29:39,7.71,2016,卖盘
11:29:42,7.71,4064,买盘
11:29:45,7.7,381,中性
11:29:48,7.72,1593,中性
11:29:51,7.7,3028,卖盘
11:29:54,7.71,3664,买盘
11:29:57,7.7,3932,卖盘
11:30:00,7.71,3508,卖盘
11:30:03,7.71,3337,卖盘
11:30:06,7.72,2988,卖盘
11:30:09,7.71,1938,中性
11:30:12,7.72,4300,买盘
11:30:15,7.73,443,中性
11:30:18,7.75,833,中性
11:30:21,7.74,387,买盘
11:30:24,7.75,1719,卖盘
11:30:27,7.74,1170,中性
11:30:30,7.75,4591,买盘
11:30:33,7.74,4843,买盘
11:30:36,7.75,3232,买盘
11:30:39,7.74,2192,买盘
11:30:42,7.76,3341,中性
11:30:45,7.76,1763,买盘
11:30:48,7.77,3564,买盘
11:30:51,7.77,3101,卖盘
11:30:54,7.77,1041,卖盘
11:30:57,7.78,1678,中性
13:00:00,7.8,2285,买盘
13:00:03,7.8,1162,卖盘
13:00:06,7.79,695,买盘
13:00:09,7.78,4864,卖盘
13:00:12,7.77,1972,卖盘
13:00:15,7.75,4219,买盘
13:00:18,7.76,1083,中性
13:00:21,7.75,2143,卖盘
13:00:24,7.75,4103,卖盘
13:00:27,7.77,4638,买盘
13:00:30,7.76,3280,卖盘
13:00:33,7.77,2341,买盘
13:00:36,7.78,1005,买盘
13:00:39,7.8,210,卖盘
13:00:42,7.81,415,卖盘
13:00:45,7.8,769,买盘
13:00:48,7.81,3527,卖盘
13:00:51,7.82,3933,卖盘
13:00:54,7.81,4523,买盘
13:00:57,7.8,1473,卖盘
13:01:00,7.81,4355,卖盘
13:01:03,7.83,4009,卖盘
13:01:06,7.84,720,买盘
13:01:09,7.83,673,买盘
13:01:12,7.81,3671,买盘
13:01:15,7.8,2387,卖盘
13:01:18,7.81,3795,买盘
13:01:21,7.79,1101,买盘
13:01:24,7.78,624,买盘
13:01:27,7.76,3773,中性
13:01:30,7.77,4115,买盘
13:01:33,7.75,3952,中性
13:01:36,7.74,2635,卖盘
13:01:39,7.74,1212,卖盘
13:01:42,7.72,1161,中性
13:01:45,7.7,3541,卖盘
13:01:48,7.71,1096,买盘
13:01:51,7.72,3557,买盘
13:01:54,7.73,179,卖盘
13:01:57,7.73,4889,买盘
13:02:00,7.71,810,卖盘
13:02:03,7.7,3817,中性
13:02:06,7.7,1341,卖盘
13:02:09,7.72,1362,买盘
13:02:12,7.72,2504,卖盘
13:02:15,7.74,2759,卖盘
13:02:18,7.73,3513,卖盘
13:02:21,7.73,438,卖盘
13:02:24,7.72,560,中性
13:02:27,7.71,3786,买盘
13:02:30,7.72,685,卖盘
13:02:33,7.72,228,中性
13:02:36,7.7,1064,买盘
13:02:39,7.69,302,中性
13:02:42,7.67,769,买盘
13:02:45,7.66,3105,卖盘
13:02:48,7.67,1332,买盘
13:02:51,7.66,3436,买盘
13:02:54,7.65,4095,买盘
13:02:57,7.67,2893,买盘
13:03:00,7.66,1884,买盘
13:03:03,7.66,155,买盘
13:03:06,7.65,4081,卖盘
13:03:09,7.65,4313,买盘
13:03:12,7.65,898,中性
13:03:15,7.67,2016,中性
13:03:18,7.67,874,卖盘
13:03:21,7.68,2124,中性
13:03:24,7.68,3193,买盘
13:03:27,7.67,1138,中性
13:03:30,7.65,4799,卖盘
13:03:33,7.64,3158,卖盘
13:03:36,7.64,1742,卖盘
13:03:39,7.63,3747,买盘
13:03:42,7.63,717,卖盘
13:03:45,7.65,3216,买盘
13:03:48,7.66,3038,卖盘
13:03:51,7.65,3132,买盘
13:03:54,7.65,4802,卖盘
13:03:57,7.65,1256,买盘
13:04:00,7.64,890,买盘
13:04:03,7.62,1720,卖盘
13:04:06,7.61,800,买盘
13:04:09,7.61,836,买盘
13:04:12,7.59,2539,卖盘
13:04:15,7.58,2416,买盘
13:04:18,7.59,4340,卖盘
13:04:21,7.6,3089,卖盘
13:04:24,7.6,3574,卖盘
13:04:27,7.6,4976,卖盘
13:04:30,7.61,4855,买盘
13:04:33,7.62,2595,中性
13:04:36,7.63,2953,买盘
13:04:39,7.62,307,卖盘
13:04:42,7.63,2753,中性
13:04:45,7.62,1433,中性
13:04:48,7.6,4331,卖盘
13:04:51,7.61,1551,买盘
13:04:54,7.59,713,卖盘
13:04:57,7.58,235,卖盘
13:05:00,7.56,1375,买盘
13:05:03,7.54,81,买盘
13:05:06,7.56,1691,卖盘
13:05:09,7.54,468,中性
13:05:12,7.55,1020,买盘
13:05:15,7.54,439,买盘
13:05:18,7.54,445,买盘
13:05:21,7.53,2199,卖盘
13:05:24,7.54,4009,买盘
13:05:27,7.54,4254,中性
13:05:30,7.55,1427,买盘
13:05:33,7.57,4762,卖盘
13:05:36,7.55,643,中性
13:05:39,7.56,4191,中性
13:05:42,7.55,762,卖盘
13:05:45,7.55,756,中性
13:05:48,7.57,1836,买盘
13:05:51,7.56,4766,卖盘
13:05:54,7.58,1317,中性
13:05:57,7.58,4355,中性
13:06:00,7.58,561,中性
13:06:03,7.59,2410,买盘
13:06:06,7.61,4293,买盘
13:06:09,7.61,8,买盘
13:06:12,7.61,2317,卖盘
13:06:15,7.61,1288,中性
13:06:18,7.62,661,买盘
13:06:21,7.61,2530,卖盘
13:06:24,7.6,855,中性
13:06:27,7.59,3538,卖盘
13:06:30,7.57,4088,卖盘
13:06:33,7.56,816,中性
13:06:36,7.55,923,买盘
13:06:39,7.55,1265,卖盘
13:06:42,7.54,4224,卖盘
13:06:45,7.54,1674,卖盘
13:06:48,7.53,2839,中性
13:06:51,7.54,1385,买盘
13:06:54,7.54,2900,买盘
13:06:57,7.54,3948,卖盘
13:07:00,7.53,473,卖盘
13:07:03,7.51,82,买盘
13:07:06,7.53,2971,中性
13:07:09,7.54,762,买盘
13:07:12,7.55,4158,中性
13:07:15,7.54,3660,买盘
13:07:18,7.53,1056,中性
13:07:21,7.54,3676,买盘
13:07:24,7.53,1220,卖盘
13:07:27,7.52,1831,卖盘
13:07:30,7.51,4271,买盘
13:07:33,7.53,4674,卖盘
13:07:36,7.52,145,买盘
13:07:39,7.51,3147,卖盘
13:07:42,7.52,4415,中性
13:07:45,7.51,3938,卖盘
13:07:48,7.51,1117,中性
13:07:51,7.51,4028,买盘
13:07:54,7.49,1488,卖盘
13:07:57,7.49,3959,卖盘
13:08:00,7.48,1092,买盘
13:08:03,7.47,1245,中性
13:08:06,7.47,3037,中性
13:08:09,7.47,4350,买盘
13:08:12,7.46,332,买盘
13:08:15,7.44,4932,中性
13:08:18,7.46,4409,卖盘
13:08:21,7.47,2866,卖盘
13:08:24,7.46,4523,买盘
13:08:27,7.46,4115,卖盘
13:08:30,7.45,403,买盘
13:08:33,7.45,3479,卖盘
13:08:36,7.44,4420,买盘
13:08:39,7.42,429,买盘
13:08:42,7.43,3379,卖盘
13:08:45,7.43,4542,买盘
13:08:48,7.44,133,买盘
13:08:51,7.45,4189,卖盘
13:08:54,7.44,1661,卖盘
13:08:57,7.44,4742,卖盘
13:09:00,7.45,4550,买盘
13:09:03,7.47,4927,买盘
13:09:06,7.46,3069,买盘
13:09:09,7.47,1400,卖盘
13:09:12,7.47,1956,买盘
13:09:15,7.48,3131,中性
13:09:18,7.47,3167,卖盘
13:09:21,7.48,1246,买盘
13:09:24,7.47,2397,买盘
13:09:27,7.48,4378,卖盘
13:09:30,7.47,2940,中性
13:09:33,7.49,2017,卖盘
13:09:36,7.47,3776,买盘
13:09:39,7.45,1909,买盘
13:09:42,7.47,4728,买盘
13:09:45,7.49,2940,买盘
13:09:48,7.51,1330,买盘
13:09:51,7.5,2801,买盘
13:09:54,7.51,3488,卖盘
13:09:57,7.49,4998,买盘
13:10:00,7.51,1189,买盘
13:10:03,7.51,1390,卖盘
13:10:06,7.53,2265,买盘
13:10:09,7.52,4820,中性
13:10:12,7.53,4509,卖盘
13:10:15,7.53,724,买盘
13:10:18,7.54,4847,买盘
13:10:21,7.55,570,中性
13:10:24,7.53,4461,中性
13:10:27,7.53,739,卖盘
13:10:30,7.54,4182,卖盘
13:10:33,7.52,4245,卖盘
13:10:36,7.52,2304,买盘
13:10:39,7.52,2107,中性
13:10:42,7.5,1110,买盘
13:10:45,7.51,1650,卖盘
13:10:48,7.52,2447,卖盘
13:10:51,7.51,485,买盘
13:10:54,7.51,1916,中性
13:10:57,7.51,3008,中性
13:11:00,7.5,1671,卖盘
13:11:03,7.52,4748,买盘
13:11:06,7.53,2495,卖盘
13:11:09,7.53,3429,卖盘
13:11:12,7.54,3706,买盘
13:11:15,7.52,714,中性
13:11:18,7.53,330,卖盘
13:11:21,7.53,2697,卖盘
13:11:24,7.51,3719,中性
13:11:27,7.51,626,卖盘
13:11:30,7.49,762,卖盘
13:11:33,7.51,3530,卖盘
13:11:36,7.52,37,卖盘
13:11:39,7.53,2728,卖盘
13:11:42,7.52,1895,卖盘
13:11:45,7.52,3077,买盘
13:11:48,7.51,1811,卖盘
13:11:51,7.52,343,卖盘
13:11:54,7.51,3898,卖盘
13:11:57,7.51,1879,买盘
13:12:00,7.49,2618,中性
13:12:03,7.49,3545,卖盘
13:12:06,7.48,3438,卖盘
13:12:09,7.47,3509,买盘
13:12:12,7.48,40,卖盘
13:12:15,7.49,1901,卖盘
13:12:18,7.49,1284,中性
13:12:21,7.49,2266,中性
13:12:24,7.49,2512,卖盘
13:12:27,7.51,4464,中性
13:12:30,7.49,839,买盘
13:12:33,7.49,4779,中性
13:12:36,7.49,2828,中性
13:12:39,7.48,553,卖盘
13:12:42,7.46,4953,中性
13:12:45,7.48,592,卖盘
13:12:48,7.48,348,卖盘
13:12:51,7.49,4494,卖盘
13:12:54,7.47,4404,卖盘
13:12:57,7.48,4195,卖盘
13:13:00,7.47,4747,买盘
13:13:03,7.47,2291,卖盘
13:13:06,7.46,2737,买盘
13:13:09,7.46,2220,卖盘
13:13:12,7.45,1388,买盘
13:13:15,7.45,280,中性
13:13:18,7.46,3184,卖盘
13:13:21,7.47,2269,中性
13:13:24,7.48,2423,卖盘
13:13:27,7.49,669,买盘
13:13:30,7.47,530,卖盘
13:13:33,7.46,3457,买盘
13:13:36,7.48,727,卖盘
13:13:39,7.5,2047,卖盘
13:13:42,7.5,3280,卖盘
13:13:45,7.5,608,中性
13:13:48,7.49,4580,买盘
13:13:51,7.5,589,买盘
13:13:54,7.49,3839,卖盘
13:13:57,7.47,3481,中性
13:14:00,7.49,3053,卖盘
13:14:03,7.47,3796,卖盘
13:14:06,7.46,1781,买盘
13:14:09,7.46,1725,卖盘
13:14:12,7.45,3720,买盘
13:14:15,7.44,82,卖盘
13:14:18,7.43,1407,卖盘
13:14:21,7.44,1080,卖盘
13:14:24,7.43,4184,中性
13:14:27,7.42,4311,卖盘
13:14:30,7.43,2551,卖盘
13:14:33,7.45,4405,卖盘
13:14:36,7.45,115,买盘
13:14:39,7.44,1042,买盘
13:14:42,7.42,3677,卖盘
13:14:45,7.43,3066,卖盘
13:14:48,7.44,2861,买盘
13:14:51,7.46,676,卖盘
13:14:54,7.47,3399,卖盘
13:14:57,7.45,3660,买盘
13:15:00,7.46,3496,中性
13:15:03,7.48,257,中性
13:15:06,7.5,3349,买盘
13:15:09,7.48,259,卖盘
13:15:12,7.47,3018,卖盘
13:15:15,7.48,1798,买盘
13:15:18,7.48,3197,中性
13:15:21,7.5,4747,卖盘
13:15:24,7.51,69,买盘
13:15:27,7.5,3599,中性
13:15:30,7.5,574,卖盘
13:15:33,7.51,1479,卖盘
13:15:36,7.49,969,卖盘
13:15:39,7.48,2197,卖盘
13:15:42,7.5,2993,卖盘
13:15:45,7.5,2602,买盘
13:15:48,7.49,1589,卖盘
13:15:51,7.5,1944,中性
13:15:54,7.49,2795,卖盘
13:15:57,7.48,976,中性
13:16:00,7.48,3468,买盘
13:16:03,7.5,3933,买盘
13:16:06,7.5,2319,卖盘
13:16:09,7.51,3599,买盘
13:16:12,7.5,93,卖盘
13:16:15,7.5,1993,卖盘
13:16:18,7.51,4743,买盘
13:16:21,7.51,2693,卖盘
13:16:24,7.5,4432,卖盘
13:16:27,7.49,1279,买盘
13:16:30,7.5,1734,卖盘
13:16:33,7.49,2501,买盘
13:16:36,7.48,4690,卖盘
13:16:39,7.5,256,买盘
13:16:42,7.51,407,卖盘
13:16:45,7.52,4355,中性
13:16:48,7.5,3332,卖盘
13:16:51,7.51,813,卖盘
13:16:54,7.51,4483,买盘
13:16:57,7.51,3338,中性
13:17:00,7.51,4495,买盘
13:17:03,7.51,330,中性
13:17:06,7.5,4917,卖盘
13:17:09,7.51,3219,买盘
13:17:12,7.52,2458,买盘
13:17:15,7.5,4481,中性
13:17:18,7.51,2819,中性
13:17:21,7.49,2594,卖盘
13:17:24,7.48,2279,卖盘
13:17:27,7.48,4330,买盘
13:17:30,7.46,4078,中性
13:17:33,7.46,1418,卖盘
13:17:36,7.48,90,中性
13:17:39,7.48,3173,卖盘
13:17:42,7.48,98,买盘
13:17:45,7.5,2620,卖盘
13:17:48,7.5,1907,中性
13:17:51,7.5,1817,卖盘
13:17:54,7.5,1911,买盘
13:17:57,7.52,1059,中性
13:18:00,7.5,949,卖盘
13:18:03,7.5,4618,买盘
13:18:06,7.49,4631,买盘
13:18:09,7.47,26,买盘
13:18:12,7.47,322,买盘
13:18:15,7.46,3228,买盘
13:18:18,7.46,2068,中性
13:18:21,7.48,2992,卖盘
13:18:24,7.47,2076,卖盘
13:18:27,7.48,101,卖盘
13:18:30,7.48,2344,卖盘
13:18:33,7.46,1180,卖盘
13:18:36,7.46,3651,买盘
13:18:39,7.48,4835,卖盘
13:18:42,7.47,4577,买盘
13:18:45,7.47,1627,中性
13:18:48,7.48,875,卖盘
13:18:51,7.49,2108,卖盘
13:18:54,7.5,4970,中性
13:18:57,7.49,44,卖盘
13:19:00,7.5,3929,中性
13:19:03,7.51,2946,买盘
13:19:06,7.51,3276,中性
13:19:09,7.51,3736,买盘
13:19:12,7.5,4109,买盘
13:19:15,7.51,3528,卖盘
13:19:18,7.51,3143,卖盘
13:19:21,7.51,2091,买盘
13:19:24,7.51,988,买盘
13:19:27,7.5,527,买盘
13:19:30,7.5,2553,买盘
13:19:33,7.49,4675,中性
13:19:36,7.5,3244,买盘
13:19:39,7.49,2332,中性
13:19:42,7.5,3686,买盘
13:19:45,7.49,4655,买盘
13:19:48,7.5,4985,买盘
13:19:51,7.5,405,卖盘
13:19:54,7.49,2953,买盘
13:19:57,7.48,1595,卖盘
13:20:00,7.48,2869,买盘
13:20:03,7.46,4328,卖盘
13:20:06,7.45,1246,中性
13:20:09,7.45,541,卖盘
13:20:12,7.45,1653,买盘
13:20:15,7.43,3811,卖盘
13:20:18,7.45,2208,买盘
13:20:21,7.46,4276,买盘
13:20:24,7.44,3695,卖盘
13:20:27,7.42,2771,卖盘
13:20:30,7.42,4711,中性
13:20:33,7.43,2136,买盘
13:20:36,7.41,1961,买盘
13:20:39,7.4,3885,卖盘
13:20:42,7.38,1614,买盘
13:20:45,7.39,3860,卖盘
13:20:48,7.38,1184,卖盘
13:20:51,7.37,1750,买盘
13:20:54,7.39,1078,买盘
13:20:57,7.39,2877,买盘
13:21:00,7.38,3507,卖盘
13:21:03,7.39,2366,卖盘
13:21:06,7.39,373,卖盘
13:21:09,7.41,3428,买盘
13:21:12,7.42,1920,买盘
13:21:15,7.41,4350,卖盘
13:21:18,7.39,1037,买盘
13:21:21,7.4,4012,卖盘
13:21:24,7.42,1756,买盘
13:21:27,7.41,763,中性
13:21:30,7.43,3958,中性
13:21:33,7.44,840,卖盘
13:21:36,7.44,1938,中性
13:21:39,7.43,4783,买盘
13:21:42,7.45,3322,买盘
13:21:45,7.43,2655,买盘
13:21:48,7.44,4458,中性
13:21:51,7.46,2064,买盘
13:21:54,7.44,4486,卖盘
13:21:57,7.43,4920,买盘
13:22:00,7.43,607,中性
13:22:03,7.42,884,买盘
13:22:06,7.41,2894,中性
13:22:09,7.41,3710,卖盘
13:22:12,7.42,1915,中性
13:22:15,7.43,2188,卖盘
13:22:18,7.45,1282,买盘
13:22:21,7.43,2794,买盘
13:22:24,7.45,2777,中性
13:22:27,7.45,3219,买盘
13:22:30,7.46,3899,卖盘
13:22:33,7.48,939,卖盘
13:22:36,7.48,1670,中性
13:22:39,7.48,1932,卖盘
13:22:42,7.48,4671,买盘
13:22:45,7.47,1204,买盘
13:22:48,7.49,2284,卖盘
13:22:51,7.48,483,买盘
13:22:54,7.49,1463,买盘
13:22:57,7.51,3597,买盘
13:23:00,7.51,3536,买盘
13:23:03,7.5,2914,卖盘
13:23:06,7.49,1604,买盘
13:23:09,7.49,4544,卖盘
13:23:12,7.51,764,买盘
13:23:15,7.51,1643,买盘
13:23:18,7.51,2173,中性
13:23:21,7.52,3750,卖盘
13:23:24,7.52,580,卖盘
13:23:27,7.51,3933,卖盘
13:23:30,7.51,4708,卖盘
13:23:33,7.52,2221,卖盘
13:23:36,7.52,1610,卖盘
13:23:39,7.5,2940,卖盘
13:23:42,7.52,3680,中性
13:23:45,7.52,3997,买盘
13:23:48,7.52,4880,买盘
13:23:51,7.53,785,买盘
13:23:54,7.54,2034,卖盘
13:23:57,7.55,4642,卖盘
13:24:00,7.55,505,卖盘
13:24:03,7.55,2209,买盘
13:24:06,7.54,3667,买盘
13:24:09,7.53,1478,买盘
13:24:12,7.54,110,买盘
13:24:15,7.55,1500,卖盘
13:24:18,7.54,731,买盘
13:24:21,7.55,1702,买盘
13:24:24,7.53,4807,买盘
13:24:27,7.54,758,卖盘
13:24:30,7.52,1842,买盘
13:24:33,7.53,909,卖盘
13:24:36,7.55,2312,卖盘
13:24:39,7.55,172,卖盘
13:24:42,7.55,1886,卖盘
13:24:45,7.57,2312,中性
13:24:48,7.57,754,中性
13:24:51,7.59,2703,中性
13:24:54,7.61,870,卖盘
13:24:57,7.6,807,中性
13:25:00,7.61,2524,卖盘
13:25:03,7.6,3910,买盘
13:25:06,7.6,3067,买盘
13:25:09,7.61,2461,卖盘
13:25:12,7.61,2712,卖盘
13:25:15,7.62,2199,买盘
13:25:18,7.64,4951,卖盘
13:25:21,7.65,705,卖盘
13:25:24,7.66,377,买盘
13:25:27,7.68,755,卖盘
13:25:30,7.68,2706,买盘
13:25:33,7.68,2408,卖盘
13:25:36,7.7,1724,中性
13:25:39,7.71,4216,卖盘
13:25:42,7.7,3882,买盘
13:25:45,7.69,2712,买盘
13:25:48,7.7,2629,卖盘
13:25:51,7.69,3340,卖盘
13:25:54,7.69,2369,卖盘
13:25:57,7.7,4396,中性
13:26:00,7.71,3692,买盘
13:26:03,7.71,1393,中性
13:26:06,7.73,4301,卖盘
13:26:09,7.73,4954,卖盘
13:26:12,7.75,3089,卖盘
13:26:15,7.76,430,买盘
13:26:18,7.77,4193,卖盘
13:26:21,7.77,1309,买盘
13:26:24,7.78,2250,买盘
13:26:27,7.8,2418,买盘
13:26:30,7.81,2655,卖盘
13:26:33,7.79,770,卖盘
13:26:36,7.79,2210,买盘
13:26:39,7.79,1197,买盘
13:26:42,7.8,4655,卖盘
13:26:45,7.8,4901,卖盘
13:26:48,7.79,3534,卖盘
13:26:51,7.78,867,中性
13:26:54,7.8,3179,买盘
13:26:57,7.78,3719,卖盘
13:27:00,7.76,2539,卖盘
13:27:03,7.77,3493,买盘
13:27:06,7.78,4232,买盘
13:27:09,7.76,1439,买盘
13:27:12,7.75,952,卖盘
13:27:15,7.76,4723,买盘
13:27:18,7.75,4865,中性
13:27:21,7.77,4836,卖盘
13:27:24,7.78,1401,中性
13:27:27,7.76,3724,卖盘
13:27:30,7.75,4782,卖盘
13:27:33,7.77,2852,卖盘
13:27:36,7.77,643,卖盘
13:27:39,7.75,3651,卖盘
13:27:42,7.77,950,中性
13:27:45,7.78,2944,卖盘
13:27:48,7.76,1648,买盘
13:27:51,7.76,2216,卖盘
13:27:54,7.77,2538,卖盘
13:27:57,7.77,4920,中性
13:28:00,7.77,2828,卖盘
13:28:03,7.76,731,卖盘
13:28:06,7.76,4180,中性
13:28:09,7.76,134,卖盘
13:28:12,7.76,667,卖盘
13:28:15,7.75,2061,中性
13:28:18,7.75,2453,买盘
13:28:21,7.75,2597,买盘
13:28:24,7.74,3816,卖盘
13:28:27,7.75,111,买盘
13:28:30,7.76,1139,卖盘
13:28:33,7.75,3611,卖盘
13:28:36,7.74,1757,卖盘
13:28:39,7.75,976,卖盘
13:28:42,7.76,325,买盘
13:28:45,7.75,1946,卖盘
13:28:48,7.76,4112,买盘
13:28:51,7.77,3689,中性
13:28:54,7.77,2321,买盘
13:28:57,7.76,3421,卖盘
13:29:00,7.77,3082,中性
13:29:03,7.78,2788,卖盘
13:29:06,7.79,1279,卖盘
13:29:09,7.8,4943,卖盘
13:29:12,7.8,326,中性
13:29:15,7.82,4580,买盘
13:29:18,7.83,149,中性
13:29:21,7.83,96,卖盘
13:29:24,7.83,529,买盘
13:29:27,7.82,3365,买盘
13:29:30,7.83,4906,卖盘
13:29:33,7.82,952,卖盘
13:29:36,7.83,539,买盘
13:29:39,7.84,272,卖盘
13:29:42,7.83,1243,买盘
13:29:45,7.85,4211,买盘
13:29:48,7.85,4072,买盘
13:29:51,7.84,1441,卖盘
13:29:54,7.85,185,买盘
13:29:57,7.86,3189,卖盘
13:30:00,7.87,2475,卖盘
13:30:03,7.87,601,卖盘
13:30:06,7.86,2736,中性
13:30:09,7.87,1153,买盘
13:30:12,7.87,368,卖盘
13:30:15,7.86,3639,买盘
13:30:18,7.84,2490,卖盘
13:30:21,7.85,2824,卖盘
13:30:24,7.83,1747,卖盘
13:30:27,7.84,1560,买盘
13:30:30,7.84,2927,中性
13:30:33,7.83,4192,卖盘
13:30:36,7.84,2090,买盘
13:30:39,7.85,2568,卖盘
13:30:42,7.86,2995,卖盘
13:30:45,7.87,1892,买盘
13:30:48,7.86,3034,买盘
13:30:51,7.87,67,卖盘
13:30:54,7.87,2229,卖盘
13:30:57,7.87,697,卖盘
13:31:00,7.87,249,卖盘
13:31:03,7.87,3588,卖盘
13:31:06,7.85,3843,买盘
13:31:09,7.85,2129,买盘
13:31:12,7.84,2398,买盘
13:31:15,7.84,3381,卖盘
13:31:18,7.82,310,卖盘
13:31:21,7.83,3050,买盘
13:31:24,7.85,4866,买盘
13:31:27,7.85,4909,买盘
13:31:30,7.84,895,买盘
13:31:33,7.86,4121,卖盘
13:31:36,7.85,3056,卖盘
13:31:39,7.86,2770,中性
13:31:42,7.85,2416,买盘
13:31:45,7.86,304,买盘
13:31:48,7.85,878,买盘
13:31:51,7.86,2327,中性
13:31:54,7.84,1580,中性
13:31:57,7.85,3598,买盘
13:32:00,7.84,3286,买盘
13:32:03,7.83,1980,买盘
13:32:06,7.84,3093,买盘
13:32:09,7.86,498,卖盘
13:32:12,7.84,132,卖盘
13:32:15,7.85,521,卖盘
13:32:18,7.86,3397,卖盘
13:32:21,7.86,3606,卖盘
13:32:24,7.84,2017,买盘
13:32:27,7.86,1744,卖盘
13:32:30,7.85,1089,买盘
13:32:33,7.84,476,卖盘
13:32:36,7.85,1187,买盘
13:32:39,7.83,1774,买盘
13:32:42,7.82,4964,卖盘
13:32:45,7.8,3292,卖盘
13:32:48,7.8,807,买盘
13:32:51,7.78,405,卖盘
13:32:54,7.76,3950,中性
13:32:57,7.76,1543,买盘
13:33:00,7.74,869,买盘
13:33:03,7.76,4863,买盘
13:33:06,7.77,4043,买盘
13:33:09,7.78,1526,买盘
13:33:12,7.77,1452,中性
13:33:15,7.78,3125,买盘
13:33:18,7.78,556,买盘
13:33:21,7.8,2850,买盘
13:33:24,7.82,493,买盘
13:33:27,7.81,3361,卖盘
13:33:30,7.81,1791,卖盘
13:33:33,7.8,4317,买盘
13:33:36,7.79,3292,卖盘
13:33:39,7.78,1215,买盘
13:33:42,7.78,2522,卖盘
13:33:45,7.8,1071,卖盘
13:33:48,7.79,1406,卖盘
13:33:51,7.8,1492,卖盘
13:33:54,7.81,4410,中性
13:33:57,7.8,2207,买盘
13:34:00,7.8,748,买盘
13:34:03,7.8,1380,卖盘
13:34:06,7.81,897,买盘
13:34:09,7.8,684,买盘
13:34:12,7.79,943,卖盘
13:34:15,7.77,2234,中性
13:34:18,7.77,2883,买盘
13:34:21,7.75,1554,卖盘
13:34:24,7.73,4123,卖盘
13:34:27,7.73,4170,卖盘
13:34:30,7.72,4945,卖盘
13:34:33,7.7,3358,卖盘
13:34:36,7.7,2424,买盘
13:34:39,7.71,2855,卖盘
13:34:42,7.7,4071,卖盘
13:34:45,7.71,1924,卖盘
13:34:48,7.7,4104,卖盘
13:34:51,7.69,3447,买盘
13:34:54,7.71,4945,卖盘
13:34:57,7.7,1818,卖盘
13:35:00,7.69,1301,买盘
13:35:03,7.69,3193,卖盘
13:35:06,7.69,2211,中性
13:35:09,7.68,1361,买盘
13:35:12,7.68,64,卖盘
13:35:15,7.66,3629,买盘
13:35:18,7.65,3331,中性
13:35:21,7.65,1955,卖盘
13:35:24,7.65,962,买盘
13:35:27,7.65,3221,卖盘
13:35:30,7.66,2077,卖盘
13:35:33,7.65,3425,买盘
13:35:36,7.64,3594,卖盘
13:35:39,7.66,4842,中性
13:35:42,7.67,1475,中性
13:35:45,7.68,2890,中性
13:35:48,7.67,3800,买盘
13:35:51,7.68,4140,买盘
13:35:54,7.69,4550,卖盘
13:35:57,7.68,4890,卖盘
13:36:00,7.68,3202,中性
13:36:03,7.66,3679,卖盘
13:36:06,7.65,3577,中性
13:36:09,7.63,4058,买盘
13:36:12,7.62,3971,买盘
13:36:15,7.61,547,卖盘
13:36:18,7.6,3378,卖盘
13:36:21,7.59,2739,买盘
13:36:24,7.6,747,卖盘
13:36:27,7.59,3445,卖盘
13:36:30,7.6,3995,买盘
13:36:33,7.58,46,中性
13:36:36,7.6,664,卖盘
13:36:39,7.59,2697,卖盘
13:36:42,7.58,2746,卖盘
13:36:45,7.58,4949,卖盘
13:36:48,7.57,395,卖盘
13:36:51,7.55,330,卖盘
13:36:54,7.56,1646,买盘
13:36:57,7.55,1000,买盘
13:37:00,7.54,1804,买盘
13:37:03,7.56,3974,卖盘
13:37:06,7.56,3755,买盘
13:37:09,7.56,4222,卖盘
13:37:12,7.55,217,中性
13:37:15,7.56,4928,卖盘
13:37:18,7.55,1897,中性
13:37:21,7.55,900,买盘
13:37:24,7.56,196,中性
13:37:27,7.55,4926,中性
13:37:30,7.54,2809,中性
13:37:33,7.52,393,中性
13:37:36,7.53,3906,买盘
13:37:39,7.55,2528,卖盘
13:37:42,7.57,355,卖盘
13:37:45,7.58,2338,买盘
13:37:48,7.58,4423,卖盘
13:37:51,7.58,1127,买盘
13:37:54,7.57,1233,中性
13:37:57,7.56,2964,中性
13:38:00,7.56,4896,买盘
13:38:03,7.54,1364,卖盘
13:38:06,7.52,3629,卖盘
13:38:09,7.53,4097,中性
13:38:12,7.52,2531,中性
13:38:15,7.53,2270,中性
13:38:18,7.53,217,卖盘
13:38:21,7.54,2695,卖盘
13:38:24,7.56,1081,买盘
13:38:27,7.58,1563,买盘
13:38:30,7.59,3788,买盘
13:38:33,7.59,2922,买盘
13:38:36,7.6,3914,中性
13:38:39,7.6,2031,卖盘
13:38:42,7.61,1466,卖盘
13:38:45,7.62,3824,买盘
13:38:48,7.61,4380,买盘
13:38:51,7.63,612,买盘
13:38:54,7.64,1527,买盘
13:38:57,7.63,336,中性
13:39:00,7.65,4020,中性
13:39:03,7.66,2364,卖盘
13:39:06,7.67,1719,卖盘
13:39:09,7.67,2714,买盘
13:39:12,7.67,1446,中性
13:39:15,7.67,1663,买盘
13:39:18,7.66,4965,买盘
13:39:21,7.66,4870,中性
13:39:24,7.67,3405,买盘
13:39:27,7.68,2578,卖盘
13:39:30,7.68,4054,卖盘
13:39:33,7.67,4440,卖盘
13:39:36,7.66,2373,买盘
13:39:39,7.67,2189,中性
13:39:42,7.68,4159,卖盘
13:39:45,7.67,4492,买盘
13:39:48,7.68,2332,卖盘
13:39:51,7.7,1978,卖盘
13:39:54,7.69,1385,买盘
13:39:57,7.67,1199,卖盘
13:40:00,7.66,4218,中性
13:40:03,7.66,2810,中性
13:40:06,7.66,4926,买盘
13:40:09,7.66,2512,买盘
13:40:12,7.66,2746,中性
13:40:15,7.65,2812,买盘
13:40:18,7.64,3744,卖盘
13:40:21,7.62,3325,卖盘
13:40:24,7.61,2402,中性
13:40:27,7.63,3492,中性
13:40:30,7.61,3200,中性
13:40:33,7.63,4559,卖盘
13:40:36,7.63,80,中性
13:40:39,7.64,1361,买盘
13:40:42,7.63,2317,买盘
13:40:45,7.62,1077,买盘
13:40:48,7.63,1842,卖盘
13:40:51,7.63,4890,买盘
13:40:54,7.62,724,买盘
13:40:57,7.63,1943,卖盘
13:41:00,7.62,4589,卖盘
13:41:03,7.63,1866,卖盘
13:41:06,7.63,3701,卖盘
13:41:09,7.61,3909,买盘
13:41:12,7.62,59,中性
13:41:15,7.6,3749,中性
13:41:18,7.6,4258,中性
13:41:21,7.62,471,买盘
13:41:24,7.62,1447,买盘
13:41:27,7.64,4243,卖盘
13:41:30,7.62,2735,买盘
13:41:33,7.61,686,买盘
13:41:36,7.61,4138,卖盘
13:41:39,7.63,920,卖盘
13:41:42,7.62,1213,买盘
13:41:45,7.62,3954,买盘
13:41:48,7.62,2683,中性
13:41:51,7.61,614,卖盘
13:41:54,7.63,4561,中性
13:41:57,7.62,3192,买盘
13:42:00,7.61,21,中性
13:42:03,7.61,3815,中性
13:42:06,7.59,290,买盘
13:42:09,7.6,1623,卖盘
13:42:12,7.59,2016,买盘
13:42:15,7.61,832,卖盘
13:42:18,7.63,2842,买盘
13:42:21,7.64,2854,中性
13:42:24,7.63,346,卖盘
13:42:27,7.63,4398,买盘
13:42:30,7.61,307,中性
13:42:33,7.62,2693,卖盘
13:42:36,7.62,3362,买盘
13:42:39,7.61,3382,卖盘
13:42:42,7.6,1881,卖盘
13:42:45,7.58,3378,买盘
13:42:48,7.57,1677,买盘
13:42:51,7.58,1044,卖盘
13:42:54,7.6,2195,中性
13:42:57,7.59,2062,买盘
13:43:00,7.57,4836,卖盘
13:43:03,7.58,4015,中性
13:43:06,7.58,2457,买盘
13:43:09,7.59,4238,卖盘
13:43:12,7.57,4370,买盘
13:43:15,7.55,288,买盘
13:43:18,7.57,2926,中性
13:43:21,7.56,447,卖盘
13:43:24,7.55,2897,卖盘
13:43:27,7.56,1352,中性
13:43:30,7.55,694,卖盘
13:43:33,7.55,23,卖盘
13:43:36,7.54,558,买盘
13:43:39,7.52,1657,买盘
13:43:42,7.51,4864,卖盘
13:43:45,7.49,1448,买盘
13:43:48,7.51,2512,中性
13:43:51,7.52,3455,中性
13:43:54,7.5,1218,中性
13:43:57,7.51,1856,中性
13:44:00,7.5,1449,卖盘
13:44:03,7.48,1004,买盘
13:44:06,7.47,84,卖盘
13:44:09,7.45,1543,买盘
13:44:12,7.45,909,卖盘
13:44:15,7.46,2738,卖盘
13:44:18,7.47,3349,中性
13:44:21,7.46,806,卖盘
13:44:24,7.46,28,卖盘
13:44:27,7.45,1425,买盘
13:44:30,7.45,4061,卖盘
13:44:33,7.45,560,卖盘
13:44:36,7.43,79,买盘
13:44:39,7.43,2073,卖盘
13:44:42,7.42,1485,买盘
13:44:45,7.4,1551,卖盘
13:44:48,7.4,1830,卖盘
13:44:51,7.41,4460,买盘
13:44:54,7.42,2095,中性
13:44:57,7.41,1549,卖盘
13:45:00,7.4,3300,卖盘
13:45:03,7.39,1877,中性
13:45:06,7.39,597,卖盘
13:45:09,7.38,3890,卖盘
13:45:12,7.37,1396,中性
13:45:15,7.37,2804,买盘
13:45:18,7.38,4349,卖盘
13:45:21,7.4,3494,卖盘
13:45:24,7.42,62,卖盘
13:45:27,7.42,2789,买盘
13:45:30,7.43,106,卖盘
13:45:33,7.45,1709,中性
13:45:36,7.45,2050,卖盘
13:45:39,7.46,3905,买盘
13:45:42,7.46,293,卖盘
13:45:45,7.47,3974,中性
13:45:48,7.45,4861,买盘
13:45:51,7.47,428,买盘
13:45:54,7.47,107,买盘
13:45:57,7.46,1226,卖盘
13:46:00,7.48,896,中性
13:46:03,7.47,3864,买盘
13:46:06,7.47,3900,卖盘
13:46:09,7.46,1302,买盘
13:46:12,7.44,593,卖盘
13:46:15,7.45,1069,中性
13:46:18,7.46,3308,卖盘
13:46:21,7.46,3834,买盘
13:46:24,7.47,2011,卖盘
13:46:27,7.49,1669,卖盘
13:46:30,7.47,4724,买盘
13:46:33,7.48,348,卖盘
13:46:36,7.5,2743,中性
13:46:39,7.51,3149,中性
13:46:42,7.52,2822,买盘
13:46:45,7.52,2647,卖盘
13:46:48,7.5,1023,卖盘
13:46:51,7.5,1060,卖盘
13:46:54,7.49,1638,中性
13:46:57,7.51,792,买盘
13:47:00,7.5,3834,买盘
13:47:03,7.51,1331,买盘
13:47:06,7.53,3930,卖盘
13:47:09,7.52,1521,中性
13:47:12,7.5,1576,卖盘
13:47:15,7.5,3180,买盘
13:47:18,7.51,2893,卖盘
13:47:21,7.5,4432,买盘
13:47:24,7.49,4455,买盘
13:47:27,7.5,3535,卖盘
13:47:30,7.49,828,卖盘
13:47:33,7.48,4947,买盘
13:47:36,7.49,4684,买盘
13:47:39,7.5,297,买盘
13:47:42,7.51,4928,中性
13:47:45,7.53,72,卖盘
13:47:48,7.53,68,买盘
13:47:51,7.52,3240,卖盘
13:47:54,7.51,2885,卖盘
13:47:57,7.5,3878,买盘
13:48:00,7.51,926,中性
13:48:03,7.53,4584,买盘
13:48:06,7.53,3466,中性
13:48:09,7.52,3472,卖盘
13:48:12,7.51,6,卖盘
13:48:15,7.51,3971,卖盘
13:48:18,7.52,1181,买盘
13:48:21,7.53,4866,卖盘
13:48:24,7.54,2928,卖盘
13:48:27,7.53,15,买盘
13:48:30,7.52,1237,中性
13:48:33,7.53,4101,卖盘
13:48:36,7.55,3221,卖盘
13:48:39,7.53,2634,买盘
13:48:42,7.52,1000,卖盘
13:48:45,7.52,2092,卖盘
13:48:48,7.52,2978,买盘
13:48:51,7.53,1660,卖盘
13:48:54,7.54,4271,卖盘
13:48:57,7.55,1217,买盘
13:49:00,7.57,4994,买盘
13:49:03,7.56,932,卖盘
13:49:06,7.55,2979,卖盘
13:49:09,7.54,4596,卖盘
13:49:12,7.55,2565,买盘
13:49:15,7.57,336,卖盘
13:49:18,7.57,1186,卖盘
13:49:21,7.58,2471,卖盘
13:49:24,7.56,1936,中性
13:49:27,7.57,1286,中性
13:49:30,7.56,1819,买盘
13:49:33,7.56,4009,买盘
13:49:36,7.54,1548,中性
13:49:39,7.56,1369,买盘
13:49:42,7.55,1518,买盘
13:49:45,7.54,3053,卖盘
13:49:48,7.54,4238,买盘
13:49:51,7.52,2216,买盘
13:49:54,7.52,1135,买盘
13:49:57,7.5,531,卖盘
13:50:00,7.51,302,中性
13:50:03,7.49,3446,买盘
13:50:06,7.49,1524,卖盘
13:50:09,7.5,2039,买盘
13:50:12,7.48,3960,买盘
13:50:15,7.5,4650,卖盘
13:50:18,7.49,4596,卖盘
13:50:21,7.49,3326,买盘
13:50:24,7.49,3682,卖盘
13:50:27,7.48,1083,卖盘
13:50:30,7.47,1593,卖盘
13:50:33,7.45,2776,卖盘
13:50:36,7.47,2232,买盘
13:50:39,7.48,4273,买盘
13:50:42,7.48,3239,买盘
13:50:45,7.47,2057,卖盘
13:50:48,7.48,794,中性
13:50:51,7.48,27,中性
13:50:54,7.48,3102,卖盘
13:50:57,7.48,12,卖盘
13:51:00,7.5,3110,卖盘
13:51:03,7.51,180,买盘
13:51:06,7.52,2025,买盘
13:51:09,7.52,2469,中性
13:51:12,7.54,1520,卖盘
13:51:15,7.55,2433,买盘
13:51:18,7.55,917,中性
13:51:21,7.55,1517,买盘
13:51:24,7.55,915,卖盘
13:51:27,7.55,1447,买盘
13:51:30,7.55,801,买盘
13:51:33,7.57,3496,中性
13:51:36,7.55,3878,卖盘
13:51:39,7.57,1012,中性
13:51:42,7.57,3862,卖盘
13:51:45,7.57,1166,卖盘
13:51:48,7.56,2532,中性
13:51:51,7.57,1656,卖盘
13:51:54,7.59,4639,卖盘
13:51:57,7.61,1993,买盘
13:52:00,7.62,2341,买盘
13:52:03,7.6,1574,买盘
13:52:06,7.61,3550,卖盘
13:52:09,7.62,1443,卖盘
13:52:12,7.62,2491,买盘
13:52:15,7.61,4666,卖盘
13:52:18,7.59,498,中性
13:52:21,7.59,4658,卖盘
13:52:24,7.58,1917,中性
13:52:27,7.56,1437,中性
13:52:30,7.55,1929,买盘
13:52:33,7.54,1844,买盘
13:52:36,7.53,832,中性
13:52:39,7.53,2126,买盘
13:52:42,7.54,1287,卖盘
13:52:45,7.55,1750,买盘
13:52:48,7.55,1198,卖盘
13:52:51,7.54,3088,买盘
13:52:54,7.54,3321,卖盘
13:52:57,7.55,3241,卖盘
13:53:00,7.54,4914,中性
13:53:03,7.54,890,买盘
13:53:06,7.52,4649,卖盘
13:53:09,7.52,1019,中性
13:53:12,7.53,4847,中性
13:53:15,7.53,3183,中性
13:53:18,7.53,4330,买盘
13:53:21,7.54,1370,卖盘
13:53:24,7.55,2766,卖盘
13:53:27,7.55,4041,卖盘
13:53:30,7.54,9,卖盘
13:53:33,7.54,1609,买盘
13:53:36,7.53,3668,买盘
13:53:39,7.54,92,中性
13:53:42,7.54,2344,买盘
13:53:45,7.54,1083,买盘
13:53:48,7.53,2801,卖盘
13:53:51,7.52,2110,买盘
13:53:54,7.53,2304,中性
13:53:57,7.51,3419,买盘
13:54:00,7.53,757,买盘
13:54:03,7.51,1847,卖盘
13:54:06,7.5,474,买盘
13:54:09,7.49,1735,买盘
13:54:12,7.48,3943,买盘
13:54:15,7.49,1512,卖盘
13:54:18,7.48,3561,中性
13:54:21,7.49,2616,买盘
13:54:24,7.48,2948,买盘
13:54:27,7.47,846,买盘
13:54:30,7.46,3146,买盘
13:54:33,7.47,445,买盘
13:54:36,7.47,4385,卖盘
13:54:39,7.46,3964,买盘
13:54:42,7.48,3513,买盘
13:54:45,7.49,3723,买盘
13:54:48,7.49,2061,买盘
13:54:51,7.5,1898,卖盘
13:54:54,7.48,1128,卖盘
13:54:57,7.5,4455,买盘
13:55:00,7.5,4864,卖盘
13:55:03,7.5,3018,卖盘
13:55:06,7.49,4894,买盘
13:55:09,7.48,4627,买盘
13:55:12,7.49,2920,中性
13:55:15,7.51,192,买盘
13:55:18,7.52,1991,卖盘
13:55:21,7.51,1862,卖盘
13:55:24,7.51,1785,卖盘
13:55:27,7.52,799,买盘
13:55:30,7.51,1807,买盘
13:55:33,7.52,3372,买盘
13:55:36,7.54,3081,卖盘
13:55:39,7.55,2858,卖盘
13:55:42,7.54,4155,卖盘
13:55:45,7.53,3903,卖盘
13:55:48,7.53,680,买盘
13:55:51,7.51,3905,卖盘
13:55:54,7.5,3697,卖盘
13:55:57,7.5,3595,中性
13:56:00,7.52,1890,买盘
13:56:03,7.51,835,卖盘
13:56:06,7.51,2554,买盘
13:56:09,7.5,2763,卖盘
13:56:12,7.49,2165,买盘
13:56:15,7.49,2564,买盘
13:56:18,7.5,4218,中性
13:56:21,7.51,59,买盘
13:56:24,7.49,1811,买盘
13:56:27,7.48,2563,中性
13:56:30,7.48,4624,中性
13:56:33,7.48,1422,买盘
13:56:36,7.5,840,中性
13:56:39,7.49,2682,卖盘
13:56:42,7.5,2262,中性
13:56:45,7.5,3890,卖盘
13:56:48,7.52,3359,卖盘
13:56:51,7.51,389,买盘
13:56:54,7.51,2821,卖盘
13:56:57,7.5,4175,卖盘
13:57:00,7.49,2360,买盘
13:57:03,7.48,4113,卖盘
13:57:06,7.49,210,买盘
13:57:09,7.5,3640,买盘
13:57:12,7.48,3207,买盘
13:57:15,7.5,1877,买盘
13:57:18,7.51,1507,买盘
13:57:21,7.53,4701,卖盘
13:57:24,7.53,1172,卖盘
13:57:27,7.53,4627,卖盘
13:57:30,7.52,2189,买盘
13:57:33,7.54,158,卖盘
13:57:36,7.55,2904,卖盘
13:57:39,7.54,3825,卖盘
13:57:42,7.52,3987,卖盘
13:57:45,7.53,3031,卖盘
13:57:48,7.53,3077,买盘
13:57:51,7.53,4453,买盘
13:57:54,7.52,3597,卖盘
13:57:57,7.51,4094,中性
13:58:00,7.49,1362,买盘
13:58:03,7.47,1166,卖盘
13:58:06,7.49,3154,买盘
13:58:09,7.49,660,买盘
13:58:12,7.51,1130,中性
13:58:15,7.49,1469,买盘
13:58:18,7.49,2472,卖盘
13:58:21,7.48,2567,买盘
13:58:24,7.49,2800,买盘
13:58:27,7.47,3882,买盘
13:58:30,7.46,2647,买盘
13:58:33,7.45,2059,买盘
13:58:36,7.47,911,中性
13:58:39,7.47,3006,卖盘
13:58:42,7.45,92,买盘
13:58:45,7.47,955,买盘
13:58:48,7.47,2978,中性
13:58:51,7.46,1267,卖盘
13:58:54,7.48,1598,买盘
13:58:57,7.46,3762,卖盘
13:59:00,7.47,4426,买盘
13:59:03,7.47,4563,买盘
13:59:06,7.48,4088,中性
13:59:09,7.5,1956,卖盘
13:59:12,7.5,1673,卖盘
13:59:15,7.49,2298,买盘
13:59:18,7.48,1284,买盘
13:59:21,7.48,1433,卖盘
13:59:24,7.49,2056,中性
13:59:27,7.49,4871,买盘
13:59:30,7.51,3855,卖盘
13:59:33,7.52,4091,卖盘
13:59:36,7.51,4586,卖盘
13:59:39,7.5,843,中性
13:59:42,7.5,579,卖盘
13:59:45,7.52,4715,卖盘
13:59:48,7.53,487,中性
13:59:51,7.55,541,中性
13:59:54,7.54,4247,卖盘
13:59:57,7.52,4468,买盘
14:00:00,7.53,3908,买盘
14:00:03,7.53,198,卖盘
14:00:06,7.53,1601,买盘
14:00:09,7.53,684,买盘
14:00:12,7.51,1772,卖盘
14:00:15,7.51,4201,买盘
14:00:18,7.52,2924,卖盘
14:00:21,7.53,3232,买盘
14:00:24,7.51,1501,卖盘
14:00:27,7.53,1520,中性
14:00:30,7.52,2724,卖盘
14:00:33,7.51,1169,卖盘
14:00:36,7.5,4221,中性
14:00:39,7.48,3826,买盘
14:00:42,7.46,503,卖盘
14:00:45,7.46,3872,买盘
14:00:48,7.48,4034,买盘
14:00:51,7.47,2452,买盘
14:00:54,7.48,1694,买盘
14:00:57,7.46,3491,买盘
14:01:00,7.45,4077,卖盘
14:01:03,7.45,3331,卖盘
14:01:06,7.45,241,中性
14:01:09,7.46,3325,卖盘
14:01:12,7.45,783,买盘
14:01:15,7.46,8,买盘
14:01:18,7.44,3140,买盘
14:01:21,7.45,518,买盘
14:01:24,7.47,4579,买盘
14:01:27,7.48,4483,买盘
14:01:30,7.5,2939,买盘
14:01:33,7.48,965,卖盘
14:01:36,7.47,4760,中性
14:01:39,7.47,992,中性
14:01:42,7.45,3605,卖盘
14:01:45,7.43,1926,卖盘
14:01:48,7.45,2638,中性
14:01:51,7.46,2616,卖盘
14:01:54,7.48,6,买盘
14:01:57,7.48,3551,卖盘
14:02:00,7.47,1111,卖盘
14:02:03,7.49,625,买盘
14:02:06,7.47,1079,卖盘
14:02:09,7.47,1196,买盘
14:02:12,7.48,617,买盘
14:02:15,7.49,172,卖盘
14:02:18,7.48,4064,买盘
14:02:21,7.49,754,卖盘
14:02:24,7.5,3011,卖盘
14:02:27,7.49,86,卖盘
14:02:30,7.48,1487,买盘
14:02:33,7.5,344,买盘
14:02:36,7.49,1258,卖盘
14:02:39,7.48,4363,中性
14:02:42,7.49,239,买盘
14:02:45,7.48,1461,卖盘
14:02:48,7.47,2259,买盘
14:02:51,7.48,86,卖盘
14:02:54,7.49,2494,买盘
14:02:57,7.48,904,买盘
14:03:00,7.47,1764,卖盘
14:03:03,7.48,4783,卖盘
14:03:06,7.49,4382,卖盘
14:03:09,7.5,4127,卖盘
14:03:12,7.5,1919,中性
14:03:15,7.52,3468,卖盘
14:03:18,7.52,704,中性
14:03:21,7.51,3857,买盘
14:03:24,7.51,382,卖盘
14:03:27,7.49,306,买盘
14:03:30,7.49,2204,卖盘
14:03:33,7.49,3272,中性
14:03:36,7.48,2671,买盘
14:03:39,7.47,4545,买盘
14:03:42,7.48,4403,卖盘
14:03:45,7.48,214,卖盘
14:03:48,7.47,1598,中性
14:03:51,7.45,253,买盘
14:03:54,7.47,987,买盘
14:03:57,7.49,305,中性
14:04:00,7.51,2808,买盘
14:04:03,7.52,1025,买盘
14:04:06,7.54,2952,买盘
14:04:09,7.53,1905,卖盘
14:04:12,7.52,2895,卖盘
14:04:15,7.51,1101,买盘
14:04:18,7.53,3614,卖盘
14:04:21,7.54,4240,卖盘
14:04:24,7.52,4343,中性
14:04:27,7.52,1315,卖盘
14:04:30,7.53,4030,买盘
14:04:33,7.52,1318,卖盘
14:04:36,7.51,1594,中性
14:04:39,7.5,1231,卖盘
14:04:42,7.49,2613,买盘
14:04:45,7.49,1791,卖盘
14:04:48,7.48,1089,买盘
14:04:51,7.46,4964,卖盘
14:04:54,7.45,1166,买盘
14:04:57,7.46,988,卖盘
14:05:00,7.45,1440,卖盘
14:05:03,7.44,1130,买盘
14:05:06,7.45,1935,买盘
14:05:09,7.46,1640,卖盘
14:05:12,7.46,704,买盘
14:05:15,7.48,951,买盘
14:05:18,7.49,302,中性
14:05:21,7.48,1924,卖盘
14:05:24,7.47,4786,卖盘
14:05:27,7.45,4114,中性
14:05:30,7.45,4874,买盘
14:05:33,7.44,2060,中性
14:05:36,7.44,2331,中性
14:05:39,7.43,1333,卖盘
14:05:42,7.44,1841,中性
14:05:45,7.43,2139,卖盘
14:05:48,7.42,4175,卖盘
14:05:51,7.44,1480,卖盘
14:05:54,7.45,1618,买盘
14:05:57,7.44,387,买盘
14:06:00,7.45,1185,卖盘
14:06:03,7.44,241,中性
14:06:06,7.45,4902,买盘
14:06:09,7.45,2780,中性
14:06:12,7.45,4142,中性
14:06:15,7.46,4178,买盘
14:06:18,7.45,2442,卖盘
14:06:21,7.46,2613,买盘
14:06:24,7.45,1497,中性
14:06:27,7.47,1602,买盘
14:06:30,7.46,95,中性
14:06:33,7.46,1047,买盘
14:06:36,7.47,4951,买盘
14:06:39,7.47,295,卖盘
14:06:42,7.49,4806,买盘
14:06:45,7.5,254,中性
14:06:48,7.51,2884,买盘
14:06:51,7.53,2241,卖盘
14:06:54,7.52,2377,买盘
14:06:57,7.53,3413,买盘
14:07:00,7.54,1825,中性
14:07:03,7.54,1922,买盘
14:07:06,7.54,2372,买盘
14:07:09,7.54,3668,中性
14:07:12,7.53,1649,中性
14:07:15,7.53,319,中性
14:07:18,7.54,2779,买盘
14:07:21,7.54,4135,卖盘
14:07:24,7.54,2649,卖盘
14:07:27,7.53,2482,买盘
14:07:30,7.54,2441,买盘
14:07:33,7.56,3652,买盘
14:07:36,7.54,4831,买盘
14:07:39,7.55,3776,卖盘
14:07:42,7.54,2143,买盘
14:07:45,7.53,1546,买盘
14:07:48,7.54,4090,中性
14:07:51,7.53,3241,卖盘
14:07:54,7.53,372,卖盘
14:07:57,7.55,156,买盘
14:08:00,7.57,4879,卖盘
14:08:03,7.56,117,卖盘
14:08:06,7.54,4404,买盘
14:08:09,7.55,3412,卖盘
14:08:12,7.56,151,中性
14:08:15,7.58,683,卖盘
14:08:18,7.58,4989,卖盘
14:08:21,7.56,278,中性
14:08:24,7.56,1916,卖盘
14:08:27,7.57,2774,中性
14:08:30,7.59,4769,卖盘
14:08:33,7.59,4779,买盘
14:08:36,7.6,3831,买盘
14:08:39,7.61,2883,买盘
14:08:42,7.6,421,中性
14:08:45,7.61,3885,卖盘
14:08:48,7.62,1842,卖盘
14:08:51,7.63,2792,买盘
14:08:54,7.63,1968,卖盘
14:08:57,7.65,2630,中性
14:09:00,7.63,4832,买盘
14:09:03,7.63,1644,卖盘
14:09:06,7.63,1240,买盘
14:09:09,7.63,2543,卖盘
14:09:12,7.62,4304,买盘
14:09:15,7.61,1306,中性
14:09:18,7.6,3629,卖盘
14:09:21,7.61,4623,买盘
14:09:24,7.6,4168,买盘
14:09:27,7.59,105,买盘
14:09:30,7.61,3446,买盘
14:09:33,7.59,4138,买盘
14:09:36,7.59,3855,中性
14:09:39,7.6,991,卖盘
14:09:42,7.59,39,买盘
14:09:45,7.6,4858,卖盘
14:09:48,7.62,2100,买盘
14:09:51,7.62,4026,买盘
14:09:54,7.64,2399,卖盘
14:09:57,7.64,3124,买盘
14:10:00,7.65,3163,卖盘
14:10:03,7.65,1389,买盘
14:10:06,7.65,4800,卖盘
14:10:09,7.65,30,买盘
14:10:12,7.66,4112,买盘
14:10:15,7.65,2427,中性
14:10:18,7.64,3145,买盘
14:10:21,7.63,2438,中性
14:10:24,7.64,3289,买盘
14:10:27,7.63,3392,买盘
14:10:30,7.63,3040,买盘
14:10:33,7.63,2751,买盘
14:10:36,7.64,3514,买盘
14:10:39,7.62,4055,买盘
14:10:42,7.62,4508,卖盘
14:10:45,7.64,2026,买盘
14:10:48,7.63,2758,买盘
14:10:51,7.62,1529,卖盘
14:10:54,7.62,849,买盘
14:10:57,7.63,4287,卖盘
14:11:00,7.62,4719,买盘
14:11:03,7.63,473,买盘
14:11:06,7.64,339,卖盘
14:11:09,7.62,2653,中性
14:11:12,7.63,4319,买盘
14:11:15,7.62,1257,买盘
14:11:18,7.64,4924,卖盘
14:11:21,7.65,2428,买盘
14:11:24,7.65,4827,买盘
14:11:27,7.67,4066,买盘
14:11:30,7.66,866,买盘
14:11:33,7.64,3034,买盘
14:11:36,7.65,533,中性
14:11:39,7.65,378,卖盘
14:11:42,7.64,4798,卖盘
14:11:45,7.63,784,买盘
14:11:48,7.64,3604,买盘
14:11:51,7.64,2591,买盘
14:11:54,7.62,862,卖盘
14:11:57,7.62,3527,买盘
14:12:00,7.62,4958,卖盘
14:12:03,7.63,4562,买盘
14:12:06,7.62,290,中性
14:12:09,7.61,2830,卖盘
14:12:12,7.6,4813,卖盘
14:12:15,7.59,1988,买盘
14:12:18,7.6,3548,卖盘
14:12:21,7.6,1717,买盘
14:12:24,7.61,618,买盘
14:12:27,7.6,1983,买盘
14:12:30,7.59,4117,中性
14:12:33,7.59,1140,卖盘
14:12:36,7.59,2814,卖盘
14:12:39,7.6,1841,买盘
14:12:42,7.62,1192,买盘
14:12:45,7.6,3047,买盘
14:12:48,7.59,4909,卖盘
14:12:51,7.6,3937,买盘
14:12:54,7.6,1682,买盘
14:12:57,7.58,1417,卖盘
14:13:00,7.57,1773,中性
14:13:03,7.57,4761,卖盘
14:13:06,7.56,3983,中性
14:13:09,7.56,848,买盘
14:13:12,7.55,2287,买盘
14:13:15,7.54,3957,中性
14:13:18,7.54,2366,买盘
14:13:21,7.56,3072,卖盘
14:13:24,7.57,3736,卖盘
14:13:27,7.58,3248,卖盘
14:13:30,7.58,4849,买盘
14:13:33,7.6,71,卖盘
14:13:36,7.6,106,卖盘
14:13:39,7.62,2193,买盘
14:13:42,7.62,4312,中性
14:13:45,7.62,3931,买盘
14:13:48,7.6,2420,中性
14:13:51,7.59,2350,买盘
14:13:54,7.58,834,买盘
14:13:57,7.57,3743,卖盘
14:14:00,7.57,3184,卖盘
14:14:03,7.57,112,卖盘
14:14:06,7.58,165,买盘
14:14:09,7.57,2286,买盘
14:14:12,7.55,542,中性
14:14:15,7.56,4938,卖盘
14:14:18,7.55,4615,卖盘
14:14:21,7.56,1689,买盘
14:14:24,7.57,1638,卖盘
14:14:27,7.57,4671,买盘
14:14:30,7.58,1891,中性
14:14:33,7.6,2527,买盘
14:14:36,7.6,1837,卖盘
14:14:39,7.6,13,卖盘
14:14:42,7.61,4043,卖盘
14:14:45,7.62,1725,中性
14:14:48,7.63,3213,卖盘
14:14:51,7.65,1309,卖盘
14:14:54,7.65,148,卖盘
14:14:57,7.65,4072,买盘
14:15:00,7.64,443,中性
14:15:03,7.64,3793,买盘
14:15:06,7.64,3332,买盘
14:15:09,7.62,4603,中性
14:15:12,7.64,4436,买盘
14:15:15,7.64,1826,卖盘
14:15:18,7.64,1177,卖盘
14:15:21,7.63,3260,卖盘
14:15:24,7.63,3563,卖盘
14:15:27,7.62,2789,卖盘
14:15:30,7.61,1319,中性
14:15:33,7.63,3380,卖盘
14:15:36,7.63,3037,卖盘
14:15:39,7.62,304,卖盘
14:15:42,7.6,1211,中性
14:15:45,7.62,268,买盘
14:15:48,7.63,4966,买盘
14:15:51,7.62,3460,买盘
14:15:54,7.63,440,中性
14:15:57,7.63,3346,卖盘
14:16:00,7.63,519,卖盘
14:16:03,7.63,4186,卖盘
14:16:06,7.61,1390,中性
14:16:09,7.6,3675,买盘
14:16:12,7.62,2100,买盘
14:16:15,7.6,2747,买盘
14:16:18,7.61,3538,卖盘
14:16:21,7.59,3747,中性
14:16:24,7.6,3318,卖盘
14:16:27,7.62,1090,买盘
14:16:30,7.6,667,买盘
14:16:33,7.59,1237,卖盘
14:16:36,7.61,3312,卖盘
14:16:39,7.61,2929,卖盘
14:16:42,7.62,3609,卖盘
14:16:45,7.61,4972,卖盘
14:16:48,7.59,3156,卖盘
14:16:51,7.58,1277,买盘
14:16:54,7.56,1270,买盘
14:16:57,7.57,3017,卖盘
14:17:00,7.58,2955,买盘
14:17:03,7.6,630,中性
14:17:06,7.58,1344,买盘
14:17:09,7.6,3228,卖盘
14:17:12,7.58,4997,卖盘
14:17:15,7.57,377,买盘
14:17:18,7.58,2655,中性
14:17:21,7.6,3478,中性
14:17:24,7.59,2096,买盘
14:17:27,7.6,3840,买盘
14:17:30,7.61,2446,买盘
14:17:33,7.62,1040,中性
14:17:36,7.64,4230,买盘
14:17:39,7.65,4576,买盘
14:17:42,7.66,4722,卖盘
14:17:45,7.65,1921,中性
14:17:48,7.64,4528,买盘
14:17:51,7.65,2590,卖盘
14:17:54,7.64,4981,卖盘
14:17:57,7.65,4302,卖盘
14:18:00,7.63,3409,中性
14:18:03,7.65,373,买盘
14:18:06,7.65,4931,卖盘
14:18:09,7.66,942,中性
14:18:12,7.66,794,买盘
14:18:15,7.66,4054,卖盘
14:18:18,7.67,3657,买盘
14:18:21,7.65,3755,买盘
14:18:24,7.67,1927,买盘
14:18:27,7.67,3967,卖盘
14:18:30,7.66,2825,卖盘
14:18:33,7.67,1624,卖盘
14:18:36,7.67,1869,卖盘
14:18:39,7.67,903,卖盘
14:18:42,7.66,3608,买盘
14:18:45,7.66,4245,卖盘
14:18:48,7.65,2022,买盘
14:18:51,7.63,1571,卖盘
14:18:54,7.62,2443,中性
14:18:57,7.63,223,买盘
14:19:00,7.61,1426,中性
14:19:03,7.63,1843,卖盘
14:19:06,7.62,4670,买盘
14:19:09,7.61,1281,中性
14:19:12,7.63,100,买盘
14:19:15,7.64,2738,买盘
14:19:18,7.64,2954,卖盘
14:19:21,7.65,4683,卖盘
14:19:24,7.65,2963,买盘
14:19:27,7.65,4926,卖盘
14:19:30,7.66,4152,卖盘
14:19:33,7.66,185,买盘
14:19:36,7.65,1659,中性
14:19:39,7.63,3228,卖盘
14:19:42,7.62,3139,买盘
14:19:45,7.62,1618,卖盘
14:19:48,7.61,4165,买盘
14:19:51,7.63,584,买盘
14:19:54,7.62,3697,卖盘
14:19:57,7.64,4207,卖盘
14:20:00,7.64,4897,中性
14:20:03,7.63,61,卖盘
14:20:06,7.62,1782,卖盘
14:20:09,7.63,38,买盘
14:20:12,7.62,3632,中性
14:20:15,7.61,2615,卖盘
14:20:18,7.59,1412,中性
14:20:21,7.59,2874,卖盘
14:20:24,7.61,4225,卖盘
14:20:27,7.61,4788,买盘
14:20:30,7.63,1209,买盘
14:20:33,7.64,3788,中性
14:20:36,7.66,2213,买盘
14:20:39,7.65,1672,卖盘
14:20:42,7.64,1692,中性
14:20:45,7.65,2903,中性
14:20:48,7.66,1331,买盘
14:20:51,7.66,954,中性
14:20:54,7.68,10,卖盘
14:20:57,7.68,4783,卖盘
14:21:00,7.68,2750,买盘
14:21:03,7.68,3774,买盘
14:21:06,7.68,2416,买盘
14:21:09,7.66,2769,中性
14:21:12,7.65,115,买盘
14:21:15,7.64,139,中性
14:21:18,7.65,1316,买盘
14:21:21,7.64,1550,卖盘
14:21:24,7.62,4225,买盘
14:21:27,7.61,4328,卖盘
14:21:30,7.62,4929,卖盘
14:21:33,7.62,801,卖盘
14:21:36,7.61,2414,中性
14:21:39,7.6,1487,卖盘
14:21:42,7.59,2996,卖盘
14:21:45,7.57,1841,买盘
14:21:48,7.59,1417,中性
14:21:51,7.59,1131,买盘
14:21:54,7.61,2119,卖盘
14:21:57,7.62,2775,卖盘
14:22:00,7.6,3491,买盘
14:22:03,7.6,3239,买盘
14:22:06,7.61,3846,买盘
14:22:09,7.59,99,中性
14:22:12,7.58,4842,买盘
14:22:15,7.6,273,卖盘
14:22:18,7.6,3928,买盘
14:22:21,7.59,414,买盘
14:22:24,7.6,4991,中性
14:22:27,7.61,192,中性
14:22:30,7.6,1333,买盘
14:22:33,7.61,4615,买盘
14:22:36,7.61,389,卖盘
14:22:39,7.59,1029,中性
14:22:42,7.61,776,中性
14:22:45,7.6,2888,卖盘
14:22:48,7.58,606,卖盘
14:22:51,7.59,2145,中性
14:22:54,7.6,1377,买盘
14:22:57,7.59,63,卖盘
14:23:00,7.59,1043,买盘
14:23:03,7.6,1235,中性
14:23:06,7.61,2552,卖盘
14:23:09,7.6,357,买盘
14:23:12,7.59,3447,中性
14:23:15,7.58,543,买盘
14:23:18,7.59,3360,卖盘
14:23:21,7.59,730,卖盘
14:23:24,7.58,2556,买盘
14:23:27,7.56,1039,买盘
14:23:30,7.58,4841,买盘
14:23:33,7.59,773,买盘
14:23:36,7.58,3441,买盘
14:23:39,7.6,3546,买盘
14:23:42,7.61,4961,卖盘
14:23:45,7.59,2026,买盘
14:23:48,7.58,4824,卖盘
14:23:51,7.56,3905,卖盘
14:23:54,7.58,3137,卖盘
14:23:57,7.6,1945,卖盘
14:24:00,7.58,3261,卖盘
14:24:03,7.59,2501,卖盘
14:24:06,7.58,2365,卖盘
14:24:09,7.59,754,卖盘
14:24:12,7.58,2803,卖盘
14:24:15,7.58,2087,中性
14:24:18,7.59,2991,买盘
14:24:21,7.58,4940,买盘
14:24:24,7.57,1323,中性
14:24:27,7.58,658,买盘
14:24:30,7.6,2157,中性
14:24:33,7.6,1984,卖盘
14:24:36,7.62,4734,卖盘
14:24:39,7.64,1650,买盘
14:24:42,7.63,3801,买盘
14:24:45,7.65,1768,中性
14:24:48,7.64,4837,中性
14:24:51,7.65,4877,买盘
14:24:54,7.63,367,中性
14:24:57,7.64,4786,卖盘
14:25:00,7.65,4518,买盘
14:25:03,7.66,4704,卖盘
14:25:06,7.66,609,卖盘
14:25:09,7.66,1155,中性
14:25:12,7.67,1443,买盘
14:25:15,7.66,4982,买盘
14:25:18,7.66,3404,卖盘
14:25:21,7.66,786,卖盘
14:25:24,7.67,3009,买盘
14:25:27,7.66,3776,卖盘
14:25:30,7.67,534,买盘
14:25:33,7.65,4372,卖盘
14:25:36,7.64,4151,卖盘
14:25:39,7.66,4861,卖盘
14:25:42,7.67,724,卖盘
14:25:45,7.65,1300,中性
14:25:48,7.66,1422,卖盘
14:25:51,7.67,3559,买盘
14:25:54,7.68,3330,买盘
14:25:57,7.7,957,买盘
14:26:00,7.68,1304,买盘
14:26:03,7.67,4799,卖盘
14:26:06,7.67,4146,中性
14:26:09,7.67,4022,买盘
14:26:12,7.67,763,卖盘
14:26:15,7.65,3756,买盘
14:26:18,7.63,687,买盘
14:26:21,7.63,3525,卖盘
14:26:24,7.61,1694,买盘
14:26:27,7.61,4341,卖盘
14:26:30,7.63,3284,买盘
14:26:33,7.61,1157,卖盘
14:26:36,7.61,4446,卖盘
14:26:39,7.63,1561,卖盘
14:26:42,7.61,1864,卖盘
14:26:45,7.61,1919,卖盘
14:26:48,7.61,4662,卖盘
14:26:51,7.62,3453,中性
14:26:54,7.62,2850,买盘
14:26:57,7.62,833,中性
14:27:00,7.61,286,卖盘
14:27:03,7.59,1446,买盘
14:27:06,7.61,1777,卖盘
14:27:09,7.6,288,卖盘
14:27:12,7.6,1805,卖盘
14:27:15,7.59,1589,买盘
14:27:18,7.58,4863,卖盘
14:27:21,7.59,3331,买盘
14:27:24,7.6,526,卖盘
14:27:27,7.61,1195,买盘
14:27:30,7.61,4255,买盘
14:27:33,7.61,1018,卖盘
14:27:36,7.6,4070,卖盘
14:27:39,7.6,828,卖盘
14:27:42,7.6,2090,买盘
14:27:45,7.6,3985,中性
14:27:48,7.62,3115,买盘
14:27:51,7.6,3580,中性
14:27:54,7.61,3318,中性
14:27:57,7.61,1432,卖盘
14:28:00,7.62,265,中性
14:28:03,7.61,3318,买盘
14:28:06,7.61,3141,卖盘
14:28:09,7.62,84,卖盘
14:28:12,7.63,1758,买盘
14:28:15,7.64,3288,卖盘
14:28:18,7.65,426,中性
14:28:21,7.64,608,中性
14:28:24,7.63,1301,买盘
14:28:27,7.62,1946,买盘
14:28:30,7.61,2040,买盘
14:28:33,7.63,3218,买盘
14:28:36,7.64,2783,卖盘
14:28:39,7.65,2419,卖盘
14:28:42,7.66,4832,卖盘
14:28:45,7.68,1990,中性
14:28:48,7.69,1898,卖盘
14:28:51,7.68,1698,买盘
14:28:54,7.68,1666,卖盘
14:28:57,7.67,2158,中性
14:29:00,7.66,3950,卖盘
14:29:03,7.67,2631,中性
14:29:06,7.66,3537,中性
14:29:09,7.67,1558,卖盘
14:29:12,7.66,300,卖盘
14:29:15,7.66,4860,中性
14:29:18,7.67,4681,买盘
14:29:21,7.66,570,买盘
14:29:24,7.67,2123,卖盘
14:29:27,7.65,4350,买盘
14:29:30,7.67,50,卖盘
14:29:33,7.65,1838,卖盘
14:29:36,7.64,4999,卖盘
14:29:39,7.64,1105,卖盘
14:29:42,7.62,1935,买盘
14:29:45,7.64,69,中性
14:29:48,7.65,1465,卖盘
14:29:51,7.66,1626,中性
14:29:54,7.67,1346,买盘
14:29:57,7.66,3543,卖盘
14:30:00,7.65,1346,卖盘
14:30:03,7.64,931,买盘
14:30:06,7.62,2542,卖盘
14:30:09,7.61,2926,买盘
14:30:12,7.59,966,买盘
14:30:15,7.57,4313,买盘
14:30:18,7.56,4727,卖盘
14:30:21,7.57,4750,中性
14:30:24,7.56,2408,买盘
14:30:27,7.57,4261,卖盘
14:30:30,7.57,124,买盘
14:30:33,7.59,3124,中性
14:30:36,7.59,2786,中性
14:30:39,7.59,1027,买盘
14:30:42,7.58,498,买盘
14:30:45,7.59,1694,卖盘
14:30:48,7.59,4399,卖盘
14:30:51,7.57,257,卖盘
14:30:54,7.55,595,卖盘
14:30:57,7.56,3437,买盘
14:31:00,7.57,1477,卖盘
14:31:03,7.55,1665,买盘
14:31:06,7.55,1396,卖盘
14:31:09,7.55,4625,卖盘
14:31:12,7.53,3323,买盘
14:31:15,7.53,2102,卖盘
14:31:18,7.54,4653,卖盘
14:31:21,7.53,977,卖盘
14:31:24,7.55,4357,中性
14:31:27,7.54,379,卖盘
14:31:30,7.55,1008,买盘
14:31:33,7.55,2601,中性
14:31:36,7.55,306,卖盘
14:31:39,7.55,954,买盘
14:31:42,7.54,2678,卖盘
14:31:45,7.53,1972,卖盘
14:31:48,7.55,2834,中性
14:31:51,7.55,3146,买盘
14:31:54,7.56,708,买盘
14:31:57,7.56,113,中性
14:32:00,7.55,159,买盘
14:32:03,7.55,3169,中性
14:32:06,7.56,4209,卖盘
14:32:09,7.55,3039,卖盘
14:32:12,7.54,1502,卖盘
14:32:15,7.53,2966,中性
14:32:18,7.55,1562,卖盘
14:32:21,7.55,2676,买盘
14:32:24,7.56,3605,卖盘
14:32:27,7.57,4078,买盘
14:32:30,7.57,4769,买盘
14:32:33,7.59,4383,卖盘
14:32:36,7.6,4497,卖盘
14:32:39,7.59,3588,卖盘
14:32:42,7.61,463,卖盘
14:32:45,7.59,1151,买盘
14:32:48,7.58,3390,卖盘
14:32:51,7.59,4082,买盘
14:32:54,7.61,2780,卖盘
14:32:57,7.6,2625,中性
14:33:00,7.62,2442,买盘
14:33:03,7.61,2168,中性
14:33:06,7.6,1657,卖盘
14:33:09,7.61,1204,卖盘
14:33:12,7.62,3273,中性
14:33:15,7.62,3132,买盘
14:33:18,7.63,4742,卖盘
14:33:21,7.64,2550,卖盘
14:33:24,7.66,44,买盘
14:33:27,7.66,3931,买盘
14:33:30,7.66,3648,卖盘
14:33:33,7.66,3067,卖盘
14:33:36,7.67,3131,卖盘
14:33:39,7.65,968,买盘
14:33:42,7.64,3631,卖盘
14:33:45,7.65,1580,买盘
14:33:48,7.64,1660,卖盘
14:33:51,7.63,4301,卖盘
14:33:54,7.64,4629,买盘
14:33:57,7.64,4231,卖盘
14:34:00,7.66,407,买盘
14:34:03,7.68,3696,中性
14:34:06,7.66,4500,买盘
14:34:09,7.65,1630,卖盘
14:34:12,7.67,2225,卖盘
14:34:15,7.69,4316,卖盘
14:34:18,7.7,4598,买盘
14:34:21,7.68,2179,买盘
14:34:24,7.69,4819,卖盘
14:34:27,7.68,4584,中性
14:34:30,7.66,1218,买盘
14:34:33,7.66,4771,中性
14:34:36,7.66,2046,买盘
